%YAML 1.1
%TAG !u! tag:unity3d.com,2011:
--- !u!241 &24100000
AudioMixerController:
  m_ObjectHideFlags: 0
  m_PrefabParentObject: {fileID: 0}
  m_PrefabInternal: {fileID: 0}
  m_Name: SFX
  m_OutputGroup: {fileID: 0}
  m_MasterGroup: {fileID: 24300001}
  m_Snapshots:
  - {fileID: 24500003}
  m_StartSnapshot: {fileID: 24500003}
  m_SuspendThreshold: -80
  m_EnableSuspend: 1
  m_UpdateMode: 0
  m_ExposedParameters: []
  m_AudioMixerGroupViews:
  - guids:
    - 90ef14ecf195e8d44b0388bda1d989e8
    - a8168488bc7613f48a1dee28416a677e
    - 9de0166451f724d438e0494b971e870e
    - 940e42a6da374dc419bde9692ca205ea
    - 49d7e50590c6df74f9f2a0cd6d092f05
    - e3f4756352a2d104b8f2381d941568ea
    name: View
  m_CurrentViewIndex: 0
  m_TargetSnapshot: {fileID: 24500003}
--- !u!243 &24300001
AudioMixerGroupController:
  m_ObjectHideFlags: 0
  m_PrefabParentObject: {fileID: 0}
  m_PrefabInternal: {fileID: 0}
  m_Name: Master
  m_AudioMixer: {fileID: 24100000}
  m_GroupID: 90ef14ecf195e8d44b0388bda1d989e8
  m_Children:
  - {fileID: 243294521394105896}
  - {fileID: 243807395656676870}
  - {fileID: 243727702330944506}
  - {fileID: 243872346883416560}
  - {fileID: 243367276288565784}
  m_Volume: 684f0443a7bc0b947b3f98a5f094db15
  m_Pitch: e0acea825e347d74db4a20997be7c854
  m_Effects:
  - {fileID: 24400002}
  m_UserColorIndex: 0
  m_Mute: 0
  m_Solo: 0
  m_BypassEffects: 0
--- !u!244 &24400002
AudioMixerEffectController:
  m_ObjectHideFlags: 3
  m_PrefabParentObject: {fileID: 0}
  m_PrefabInternal: {fileID: 0}
  m_Name: 
  m_EffectID: 7283f4afdf89a3340bc1460af92cd5f2
  m_EffectName: Attenuation
  m_MixLevel: fd2d16d0f24e0114599a24dbe70fb6c8
  m_Parameters: []
  m_SendTarget: {fileID: 0}
  m_EnableWetMix: 0
  m_Bypass: 0
--- !u!245 &24500003
AudioMixerSnapshotController:
  m_ObjectHideFlags: 0
  m_PrefabParentObject: {fileID: 0}
  m_PrefabInternal: {fileID: 0}
  m_Name: Snapshot
  m_AudioMixer: {fileID: 24100000}
  m_SnapshotID: 3cf04c641e59d9a45b40c476e6544304
  m_FloatValues:
    684f0443a7bc0b947b3f98a5f094db15: 2.7055463e-10
    526d2ce8f63eb4d4a9a5e348f67582fc: -2.2889833
    a509d369169a0cf4e898266c58b6b61a: -1.7612991
    473e8a6923e3f0841a91c5aaf83d96a8: -7.8940816
    28839f9e94268974393f308eac70e326: -11.400908
    078f883f74bdaa042987b3767a302fc2: -0.025776558
  m_TransitionOverrides: {}
--- !u!243 &243294521394105896
AudioMixerGroupController:
  m_ObjectHideFlags: 0
  m_PrefabParentObject: {fileID: 0}
  m_PrefabInternal: {fileID: 0}
  m_Name: Hit Wall
  m_AudioMixer: {fileID: 24100000}
  m_GroupID: e3f4756352a2d104b8f2381d941568ea
  m_Children: []
  m_Volume: 078f883f74bdaa042987b3767a302fc2
  m_Pitch: 5c4b4144e80117241ba14c381d6b0018
  m_Effects:
  - {fileID: 244148324224265822}
  m_UserColorIndex: 0
  m_Mute: 0
  m_Solo: 0
  m_BypassEffects: 0
--- !u!243 &243367276288565784
AudioMixerGroupController:
  m_ObjectHideFlags: 0
  m_PrefabParentObject: {fileID: 0}
  m_PrefabInternal: {fileID: 0}
  m_Name: Level Up
  m_AudioMixer: {fileID: 24100000}
  m_GroupID: 49d7e50590c6df74f9f2a0cd6d092f05
  m_Children: []
  m_Volume: 526d2ce8f63eb4d4a9a5e348f67582fc
  m_Pitch: 61ae3339ae345fa4fa5c2db3d0cc4c0c
  m_Effects:
  - {fileID: 244841531439624150}
  m_UserColorIndex: 0
  m_Mute: 0
  m_Solo: 0
  m_BypassEffects: 0
--- !u!243 &243727702330944506
AudioMixerGroupController:
  m_ObjectHideFlags: 0
  m_PrefabParentObject: {fileID: 0}
  m_PrefabInternal: {fileID: 0}
  m_Name: STAR
  m_AudioMixer: {fileID: 24100000}
  m_GroupID: 9de0166451f724d438e0494b971e870e
  m_Children: []
  m_Volume: 28839f9e94268974393f308eac70e326
  m_Pitch: 3f9a309201b96804ca51238521b55f84
  m_Effects:
  - {fileID: 244768496628159250}
  m_UserColorIndex: 0
  m_Mute: 0
  m_Solo: 0
  m_BypassEffects: 0
--- !u!243 &243807395656676870
AudioMixerGroupController:
  m_ObjectHideFlags: 0
  m_PrefabParentObject: {fileID: 0}
  m_PrefabInternal: {fileID: 0}
  m_Name: Death
  m_AudioMixer: {fileID: 24100000}
  m_GroupID: 940e42a6da374dc419bde9692ca205ea
  m_Children: []
  m_Volume: a509d369169a0cf4e898266c58b6b61a
  m_Pitch: 7c344f7aca312bd4a87515932ce7f20a
  m_Effects:
  - {fileID: 244479732924478088}
  m_UserColorIndex: 0
  m_Mute: 0
  m_Solo: 0
  m_BypassEffects: 0
--- !u!243 &243872346883416560
AudioMixerGroupController:
  m_ObjectHideFlags: 0
  m_PrefabParentObject: {fileID: 0}
  m_PrefabInternal: {fileID: 0}
  m_Name: Ability
  m_AudioMixer: {fileID: 24100000}
  m_GroupID: a8168488bc7613f48a1dee28416a677e
  m_Children: []
  m_Volume: 473e8a6923e3f0841a91c5aaf83d96a8
  m_Pitch: e177d0b6b8e497a40b20d0b0ed3d8916
  m_Effects:
  - {fileID: 244328133507742656}
  m_UserColorIndex: 0
  m_Mute: 0
  m_Solo: 0
  m_BypassEffects: 0
--- !u!244 &244148324224265822
AudioMixerEffectController:
  m_ObjectHideFlags: 3
  m_PrefabParentObject: {fileID: 0}
  m_PrefabInternal: {fileID: 0}
  m_Name: 
  m_EffectID: e6e0bd08201846b4c9bf776cf6ded6d4
  m_EffectName: Attenuation
  m_MixLevel: f1b17a85ef83de943be216dc32275ca9
  m_Parameters: []
  m_SendTarget: {fileID: 0}
  m_EnableWetMix: 0
  m_Bypass: 0
--- !u!244 &244328133507742656
AudioMixerEffectController:
  m_ObjectHideFlags: 3
  m_PrefabParentObject: {fileID: 0}
  m_PrefabInternal: {fileID: 0}
  m_Name: 
  m_EffectID: 591c87bb8e521954ba64dff08649c3dc
  m_EffectName: Attenuation
  m_MixLevel: 374dc470a87dafe4aa0f27091af4b157
  m_Parameters: []
  m_SendTarget: {fileID: 0}
  m_EnableWetMix: 0
  m_Bypass: 0
--- !u!244 &244479732924478088
AudioMixerEffectController:
  m_ObjectHideFlags: 3
  m_PrefabParentObject: {fileID: 0}
  m_PrefabInternal: {fileID: 0}
  m_Name: 
  m_EffectID: 2910eb09f12f09f45b6976c6d8aaf80d
  m_EffectName: Attenuation
  m_MixLevel: 2e77e00e6a4d4af4983e8988bea7aa17
  m_Parameters: []
  m_SendTarget: {fileID: 0}
  m_EnableWetMix: 0
  m_Bypass: 0
--- !u!244 &244768496628159250
AudioMixerEffectController:
  m_ObjectHideFlags: 3
  m_PrefabParentObject: {fileID: 0}
  m_PrefabInternal: {fileID: 0}
  m_Name: 
  m_EffectID: 6dbdcf9c5ed717d4f91e978cfd7cdcee
  m_EffectName: Attenuation
  m_MixLevel: e9a216d1b8fe18e40bfb2dead338c89d
  m_Parameters: []
  m_SendTarget: {fileID: 0}
  m_EnableWetMix: 0
  m_Bypass: 0
--- !u!244 &244841531439624150
AudioMixerEffectController:
  m_ObjectHideFlags: 3
  m_PrefabParentObject: {fileID: 0}
  m_PrefabInternal: {fileID: 0}
  m_Name: 
  m_EffectID: eb2793d17658c3c46b6a77abee978049
  m_EffectName: Attenuation
  m_MixLevel: 1daa841b78fb50241804a982ef9da0bb
  m_Parameters: []
  m_SendTarget: {fileID: 0}
  m_EnableWetMix: 0
  m_Bypass: 0
