%YAML 1.1
%TAG !u! tag:unity3d.com,2011:
--- !u!1 &182610
GameObject:
  m_ObjectHideFlags: 0
  m_PrefabParentObject: {fileID: 0}
  m_PrefabInternal: {fileID: 100100000}
  serializedVersion: 4
  m_Component:
  - 4: {fileID: 478766}
  - 33: {fileID: 3306836}
  - 23: {fileID: 2322814}
  - 54: {fileID: 5403528}
  - 114: {fileID: 11416200}
  - 114: {fileID: 11407622}
  - 65: {fileID: 6577520}
  m_Layer: 0
  m_Name: Star
  m_TagString: Star
  m_Icon: {fileID: 0}
  m_NavMeshLayer: 0
  m_StaticEditorFlags: 0
  m_IsActive: 1
--- !u!4 &478766
Transform:
  m_ObjectHideFlags: 1
  m_PrefabParentObject: {fileID: 0}
  m_PrefabInternal: {fileID: 100100000}
  m_GameObject: {fileID: 182610}
  m_LocalRotation: {x: -0.49991354, y: 0.5000864, z: 0.49991363, w: 0.50008637}
  m_LocalPosition: {x: -1.67, y: 0.68, z: 0.22}
  m_LocalScale: {x: 125, y: 125, z: 125}
  m_LocalEulerAnglesHint: {x: -89.980194, y: 90, z: 0}
  m_Children: []
  m_Father: {fileID: 0}
  m_RootOrder: 0
--- !u!23 &2322814
MeshRenderer:
  m_ObjectHideFlags: 1
  m_PrefabParentObject: {fileID: 0}
  m_PrefabInternal: {fileID: 100100000}
  m_GameObject: {fileID: 182610}
  m_Enabled: 1
  m_CastShadows: 1
  m_ReceiveShadows: 1
  m_MotionVectors: 1
  m_LightProbeUsage: 1
  m_ReflectionProbeUsage: 1
  m_Materials:
  - {fileID: 2100000, guid: 3850cbe9a541008448128cd8da8804b9, type: 2}
  m_SubsetIndices: 
  m_StaticBatchRoot: {fileID: 0}
  m_ProbeAnchor: {fileID: 0}
  m_LightProbeVolumeOverride: {fileID: 0}
  m_ScaleInLightmap: 1
  m_PreserveUVs: 0
  m_IgnoreNormalsForChartDetection: 0
  m_ImportantGI: 0
  m_SelectedWireframeHidden: 0
  m_MinimumChartSize: 4
  m_AutoUVMaxDistance: 0.5
  m_AutoUVMaxAngle: 89
  m_LightmapParameters: {fileID: 0}
  m_SortingLayerID: 0
  m_SortingOrder: 0
--- !u!33 &3306836
MeshFilter:
  m_ObjectHideFlags: 1
  m_PrefabParentObject: {fileID: 0}
  m_PrefabInternal: {fileID: 100100000}
  m_GameObject: {fileID: 182610}
  m_Mesh: {fileID: 4300000, guid: 5a24091914079f840ba9a95e8216d45f, type: 3}
--- !u!54 &5403528
Rigidbody:
  m_ObjectHideFlags: 1
  m_PrefabParentObject: {fileID: 0}
  m_PrefabInternal: {fileID: 100100000}
  m_GameObject: {fileID: 182610}
  serializedVersion: 2
  m_Mass: 1
  m_Drag: 0
  m_AngularDrag: 0.05
  m_UseGravity: 1
  m_IsKinematic: 0
  m_Interpolate: 0
  m_Constraints: 14
  m_CollisionDetection: 0
--- !u!65 &6577520
BoxCollider:
  m_ObjectHideFlags: 1
  m_PrefabParentObject: {fileID: 0}
  m_PrefabInternal: {fileID: 100100000}
  m_GameObject: {fileID: 182610}
  m_Material: {fileID: 0}
  m_IsTrigger: 1
  m_Enabled: 1
  serializedVersion: 2
  m_Size: {x: 0.00934607, y: 0.003112329, z: 0.009045085}
  m_Center: {x: -0.00004344319, y: 0.000000001933103, z: 0.00047745806}
--- !u!114 &11407622
MonoBehaviour:
  m_ObjectHideFlags: 1
  m_PrefabParentObject: {fileID: 0}
  m_PrefabInternal: {fileID: 100100000}
  m_GameObject: {fileID: 182610}
  m_Enabled: 1
  m_EditorHideFlags: 0
  m_Script: {fileID: 11500000, guid: 17b460f0c5ea162448c38dc4a6242ebb, type: 3}
  m_Name: 
  m_EditorClassIdentifier: 
  value: 1
  gemsound: {fileID: 114836, guid: 0c8d8d4772937754d81a1960cd407418, type: 2}
  starEffect: {fileID: 1000012929516732, guid: d1cb81a78f08e1c4ab71424cc37f8b8b, type: 2}
  gemEffect: {fileID: 1000011929749130, guid: 82f79bfaa5c7a40499a2418932082cdb, type: 2}
--- !u!114 &11416200
MonoBehaviour:
  m_ObjectHideFlags: 1
  m_PrefabParentObject: {fileID: 0}
  m_PrefabInternal: {fileID: 100100000}
  m_GameObject: {fileID: 182610}
  m_Enabled: 1
  m_EditorHideFlags: 0
  m_Script: {fileID: 11500000, guid: 2015e707880512d4996a7a1495b24b17, type: 3}
  m_Name: 
  m_EditorClassIdentifier: 
  gem: {fileID: 5403528}
  Torque_x: 0
  Torque_y: 0
  Torque_z: 1
  force_mode: 5
--- !u!1001 &100100000
Prefab:
  m_ObjectHideFlags: 1
  serializedVersion: 2
  m_Modification:
    m_TransformParent: {fileID: 0}
    m_Modifications: []
    m_RemovedComponents: []
  m_ParentPrefab: {fileID: 0}
  m_RootGameObject: {fileID: 182610}
  m_IsPrefabParent: 1
