%YAML 1.1
%TAG !u! tag:unity3d.com,2011:
--- !u!29 &1
OcclusionCullingSettings:
  m_ObjectHideFlags: 0
  serializedVersion: 2
  m_OcclusionBakeSettings:
    smallestOccluder: 5
    smallestHole: 0.25
    backfaceThreshold: 100
  m_SceneGUID: 00000000000000000000000000000000
  m_OcclusionCullingData: {fileID: 0}
--- !u!104 &2
RenderSettings:
  m_ObjectHideFlags: 0
  serializedVersion: 7
  m_Fog: 0
  m_FogColor: {r: 0.5, g: 0.5, b: 0.5, a: 1}
  m_FogMode: 3
  m_FogDensity: 0.01
  m_LinearFogStart: 0
  m_LinearFogEnd: 300
  m_AmbientSkyColor: {r: 0.212, g: 0.227, b: 0.259, a: 1}
  m_AmbientEquatorColor: {r: 0.114, g: 0.125, b: 0.133, a: 1}
  m_AmbientGroundColor: {r: 0.047, g: 0.043, b: 0.035, a: 1}
  m_AmbientIntensity: 1
  m_AmbientMode: 3
  m_SkyboxMaterial: {fileID: 0}
  m_HaloStrength: 0.5
  m_FlareStrength: 1
  m_FlareFadeSpeed: 3
  m_HaloTexture: {fileID: 0}
  m_SpotCookie: {fileID: 10001, guid: 0000000000000000e000000000000000, type: 0}
  m_DefaultReflectionMode: 0
  m_DefaultReflectionResolution: 128
  m_ReflectionBounces: 1
  m_ReflectionIntensity: 0
  m_CustomReflection: {fileID: 0}
  m_Sun: {fileID: 0}
  m_IndirectSpecularColor: {r: 0, g: 0, b: 0, a: 1}
--- !u!157 &3
LightmapSettings:
  m_ObjectHideFlags: 0
  serializedVersion: 7
  m_GIWorkflowMode: 1
  m_GISettings:
    serializedVersion: 2
    m_BounceScale: 1
    m_IndirectOutputScale: 0
    m_AlbedoBoost: 1
    m_TemporalCoherenceThreshold: 1
    m_EnvironmentLightingMode: 0
    m_EnableBakedLightmaps: 0
    m_EnableRealtimeLightmaps: 0
  m_LightmapEditorSettings:
    serializedVersion: 4
    m_Resolution: 2
    m_BakeResolution: 40
    m_TextureWidth: 1024
    m_TextureHeight: 1024
    m_AO: 0
    m_AOMaxDistance: 1
    m_CompAOExponent: 0
    m_CompAOExponentDirect: 0
    m_Padding: 2
    m_LightmapParameters: {fileID: 0}
    m_LightmapsBakeMode: 1
    m_TextureCompression: 1
    m_DirectLightInLightProbes: 1
    m_FinalGather: 0
    m_FinalGatherFiltering: 1
    m_FinalGatherRayCount: 1024
    m_ReflectionCompression: 1
  m_LightingDataAsset: {fileID: 112000001, guid: fa72e6da71159c942b2f57a7dde8be8a,
    type: 2}
  m_RuntimeCPUUsage: 25
--- !u!196 &4
NavMeshSettings:
  serializedVersion: 2
  m_ObjectHideFlags: 0
  m_BuildSettings:
    serializedVersion: 2
    agentTypeID: 0
    agentRadius: 0.5
    agentHeight: 2
    agentSlope: 45
    agentClimb: 0.4
    ledgeDropHeight: 0
    maxJumpAcrossDistance: 0
    minRegionArea: 2
    manualCellSize: 0
    cellSize: 0.16666667
    accuratePlacement: 0
  m_NavMeshData: {fileID: 0}
--- !u!1 &62625863 stripped
GameObject:
  m_PrefabParentObject: {fileID: 173666, guid: efca12e89e9d99540b62f26179c8f61f, type: 2}
  m_PrefabInternal: {fileID: 805052748}
--- !u!54 &62625865
Rigidbody:
  m_ObjectHideFlags: 0
  m_PrefabParentObject: {fileID: 0}
  m_PrefabInternal: {fileID: 0}
  m_GameObject: {fileID: 62625863}
  serializedVersion: 2
  m_Mass: 0.1
  m_Drag: 0
  m_AngularDrag: 1.28
  m_UseGravity: 0
  m_IsKinematic: 0
  m_Interpolate: 0
  m_Constraints: 14
  m_CollisionDetection: 1
--- !u!1 &143654654 stripped
GameObject:
  m_PrefabParentObject: {fileID: 173666, guid: efca12e89e9d99540b62f26179c8f61f, type: 2}
  m_PrefabInternal: {fileID: 752905417}
--- !u!54 &143654656
Rigidbody:
  m_ObjectHideFlags: 0
  m_PrefabParentObject: {fileID: 0}
  m_PrefabInternal: {fileID: 0}
  m_GameObject: {fileID: 143654654}
  serializedVersion: 2
  m_Mass: 0.1
  m_Drag: 0
  m_AngularDrag: 1.28
  m_UseGravity: 0
  m_IsKinematic: 0
  m_Interpolate: 0
  m_Constraints: 14
  m_CollisionDetection: 1
--- !u!1 &168486341 stripped
GameObject:
  m_PrefabParentObject: {fileID: 100008, guid: ff3b3a659d5abc94995626add20ceb63, type: 3}
  m_PrefabInternal: {fileID: 1815059465}
--- !u!64 &168486343
MeshCollider:
  m_ObjectHideFlags: 0
  m_PrefabParentObject: {fileID: 0}
  m_PrefabInternal: {fileID: 0}
  m_GameObject: {fileID: 168486341}
  m_Material: {fileID: 0}
  m_IsTrigger: 0
  m_Enabled: 1
  serializedVersion: 2
  m_Convex: 0
  m_InflateMesh: 0
  m_SkinWidth: 0.01
  m_Mesh: {fileID: 4300004, guid: ff3b3a659d5abc94995626add20ceb63, type: 3}
--- !u!1 &199221752 stripped
GameObject:
  m_PrefabParentObject: {fileID: 173666, guid: efca12e89e9d99540b62f26179c8f61f, type: 2}
  m_PrefabInternal: {fileID: 966565298}
--- !u!54 &199221754
Rigidbody:
  m_ObjectHideFlags: 0
  m_PrefabParentObject: {fileID: 0}
  m_PrefabInternal: {fileID: 0}
  m_GameObject: {fileID: 199221752}
  serializedVersion: 2
  m_Mass: 0.1
  m_Drag: 0
  m_AngularDrag: 1.28
  m_UseGravity: 0
  m_IsKinematic: 0
  m_Interpolate: 0
  m_Constraints: 14
  m_CollisionDetection: 1
--- !u!1001 &555463328
Prefab:
  m_ObjectHideFlags: 0
  serializedVersion: 2
  m_Modification:
    m_TransformParent: {fileID: 918824420}
    m_Modifications:
    - target: {fileID: 475216, guid: 750191704a55d5d4aacf3382f2d34000, type: 2}
      propertyPath: m_LocalPosition.x
      value: -1.22
      objectReference: {fileID: 0}
    - target: {fileID: 475216, guid: 750191704a55d5d4aacf3382f2d34000, type: 2}
      propertyPath: m_LocalPosition.y
      value: -0.820405
      objectReference: {fileID: 0}
    - target: {fileID: 475216, guid: 750191704a55d5d4aacf3382f2d34000, type: 2}
      propertyPath: m_LocalPosition.z
      value: 4.79
      objectReference: {fileID: 0}
    - target: {fileID: 475216, guid: 750191704a55d5d4aacf3382f2d34000, type: 2}
      propertyPath: m_LocalRotation.x
      value: 0.2588191
      objectReference: {fileID: 0}
    - target: {fileID: 475216, guid: 750191704a55d5d4aacf3382f2d34000, type: 2}
      propertyPath: m_LocalRotation.y
      value: -0
      objectReference: {fileID: 0}
    - target: {fileID: 475216, guid: 750191704a55d5d4aacf3382f2d34000, type: 2}
      propertyPath: m_LocalRotation.z
      value: 0.9659258
      objectReference: {fileID: 0}
    - target: {fileID: 475216, guid: 750191704a55d5d4aacf3382f2d34000, type: 2}
      propertyPath: m_LocalRotation.w
      value: 0
      objectReference: {fileID: 0}
    - target: {fileID: 475216, guid: 750191704a55d5d4aacf3382f2d34000, type: 2}
      propertyPath: m_RootOrder
      value: 10
      objectReference: {fileID: 0}
    - target: {fileID: 475216, guid: 750191704a55d5d4aacf3382f2d34000, type: 2}
      propertyPath: m_LocalScale.x
      value: 0.56
      objectReference: {fileID: 0}
    - target: {fileID: 475216, guid: 750191704a55d5d4aacf3382f2d34000, type: 2}
      propertyPath: m_LocalScale.z
      value: 0.47
      objectReference: {fileID: 0}
    - target: {fileID: 475216, guid: 750191704a55d5d4aacf3382f2d34000, type: 2}
      propertyPath: m_LocalEulerAnglesHint.y
      value: 30
      objectReference: {fileID: 0}
    - target: {fileID: 189786, guid: 750191704a55d5d4aacf3382f2d34000, type: 2}
      propertyPath: m_Name
      value: AccBox (5)
      objectReference: {fileID: 0}
    - target: {fileID: 475216, guid: 750191704a55d5d4aacf3382f2d34000, type: 2}
      propertyPath: m_LocalEulerAnglesHint.z
      value: 180
      objectReference: {fileID: 0}
    m_RemovedComponents: []
  m_ParentPrefab: {fileID: 100100000, guid: 750191704a55d5d4aacf3382f2d34000, type: 2}
  m_IsPrefabParent: 0
--- !u!1001 &635940944
Prefab:
  m_ObjectHideFlags: 0
  serializedVersion: 2
  m_Modification:
    m_TransformParent: {fileID: 918824420}
    m_Modifications:
    - target: {fileID: 475216, guid: 750191704a55d5d4aacf3382f2d34000, type: 2}
      propertyPath: m_LocalPosition.x
      value: 2.39
      objectReference: {fileID: 0}
    - target: {fileID: 475216, guid: 750191704a55d5d4aacf3382f2d34000, type: 2}
      propertyPath: m_LocalPosition.y
      value: -0.820405
      objectReference: {fileID: 0}
    - target: {fileID: 475216, guid: 750191704a55d5d4aacf3382f2d34000, type: 2}
      propertyPath: m_LocalPosition.z
      value: 6.63
      objectReference: {fileID: 0}
    - target: {fileID: 475216, guid: 750191704a55d5d4aacf3382f2d34000, type: 2}
      propertyPath: m_LocalRotation.x
      value: 0.4586495
      objectReference: {fileID: 0}
    - target: {fileID: 475216, guid: 750191704a55d5d4aacf3382f2d34000, type: 2}
      propertyPath: m_LocalRotation.y
      value: 0
      objectReference: {fileID: 0}
    - target: {fileID: 475216, guid: 750191704a55d5d4aacf3382f2d34000, type: 2}
      propertyPath: m_LocalRotation.z
      value: 0.8886173
      objectReference: {fileID: 0}
    - target: {fileID: 475216, guid: 750191704a55d5d4aacf3382f2d34000, type: 2}
      propertyPath: m_LocalRotation.w
      value: 0
      objectReference: {fileID: 0}
    - target: {fileID: 475216, guid: 750191704a55d5d4aacf3382f2d34000, type: 2}
      propertyPath: m_RootOrder
      value: 13
      objectReference: {fileID: 0}
    - target: {fileID: 475216, guid: 750191704a55d5d4aacf3382f2d34000, type: 2}
      propertyPath: m_LocalScale.x
      value: 0.56
      objectReference: {fileID: 0}
    - target: {fileID: 475216, guid: 750191704a55d5d4aacf3382f2d34000, type: 2}
      propertyPath: m_LocalScale.z
      value: 0.47
      objectReference: {fileID: 0}
    - target: {fileID: 475216, guid: 750191704a55d5d4aacf3382f2d34000, type: 2}
      propertyPath: m_LocalEulerAnglesHint.y
      value: 54.6
      objectReference: {fileID: 0}
    - target: {fileID: 189786, guid: 750191704a55d5d4aacf3382f2d34000, type: 2}
      propertyPath: m_Name
      value: AccBox (8)
      objectReference: {fileID: 0}
    - target: {fileID: 475216, guid: 750191704a55d5d4aacf3382f2d34000, type: 2}
      propertyPath: m_LocalEulerAnglesHint.z
      value: 180
      objectReference: {fileID: 0}
    m_RemovedComponents: []
  m_ParentPrefab: {fileID: 100100000, guid: 750191704a55d5d4aacf3382f2d34000, type: 2}
  m_IsPrefabParent: 0
--- !u!1 &743208126 stripped
GameObject:
  m_PrefabParentObject: {fileID: 100002, guid: ff3b3a659d5abc94995626add20ceb63, type: 3}
  m_PrefabInternal: {fileID: 1815059465}
--- !u!54 &743208128
Rigidbody:
  m_ObjectHideFlags: 0
  m_PrefabParentObject: {fileID: 0}
  m_PrefabInternal: {fileID: 0}
  m_GameObject: {fileID: 743208126}
  serializedVersion: 2
  m_Mass: 1
  m_Drag: 0
  m_AngularDrag: 0.05
  m_UseGravity: 0
  m_IsKinematic: 1
  m_Interpolate: 2
  m_Constraints: 0
  m_CollisionDetection: 1
--- !u!1 &747781944 stripped
GameObject:
  m_PrefabParentObject: {fileID: 173666, guid: efca12e89e9d99540b62f26179c8f61f, type: 2}
  m_PrefabInternal: {fileID: 1111108089}
--- !u!54 &747781946
Rigidbody:
  m_ObjectHideFlags: 0
  m_PrefabParentObject: {fileID: 0}
  m_PrefabInternal: {fileID: 0}
  m_GameObject: {fileID: 747781944}
  serializedVersion: 2
  m_Mass: 0.1
  m_Drag: 0
  m_AngularDrag: 1.28
  m_UseGravity: 0
  m_IsKinematic: 0
  m_Interpolate: 0
  m_Constraints: 14
  m_CollisionDetection: 1
--- !u!1001 &752905417
Prefab:
  m_ObjectHideFlags: 0
  serializedVersion: 2
  m_Modification:
    m_TransformParent: {fileID: 1142401265}
    m_Modifications:
    - target: {fileID: 492576, guid: efca12e89e9d99540b62f26179c8f61f, type: 2}
      propertyPath: m_LocalPosition.x
      value: 2.71
      objectReference: {fileID: 0}
    - target: {fileID: 492576, guid: efca12e89e9d99540b62f26179c8f61f, type: 2}
      propertyPath: m_LocalPosition.y
      value: 0.9099997
      objectReference: {fileID: 0}
    - target: {fileID: 492576, guid: efca12e89e9d99540b62f26179c8f61f, type: 2}
      propertyPath: m_LocalPosition.z
      value: -5.18
      objectReference: {fileID: 0}
    - target: {fileID: 492576, guid: efca12e89e9d99540b62f26179c8f61f, type: 2}
      propertyPath: m_LocalRotation.x
      value: -0
      objectReference: {fileID: 0}
    - target: {fileID: 492576, guid: efca12e89e9d99540b62f26179c8f61f, type: 2}
      propertyPath: m_LocalRotation.y
      value: -0
      objectReference: {fileID: 0}
    - target: {fileID: 492576, guid: efca12e89e9d99540b62f26179c8f61f, type: 2}
      propertyPath: m_LocalRotation.z
      value: -0
      objectReference: {fileID: 0}
    - target: {fileID: 492576, guid: efca12e89e9d99540b62f26179c8f61f, type: 2}
      propertyPath: m_LocalRotation.w
      value: 1
      objectReference: {fileID: 0}
    - target: {fileID: 492576, guid: efca12e89e9d99540b62f26179c8f61f, type: 2}
      propertyPath: m_RootOrder
      value: 2
      objectReference: {fileID: 0}
    - target: {fileID: 173666, guid: efca12e89e9d99540b62f26179c8f61f, type: 2}
      propertyPath: m_Name
      value: gem (3)
      objectReference: {fileID: 0}
    - target: {fileID: 173666, guid: efca12e89e9d99540b62f26179c8f61f, type: 2}
      propertyPath: m_IsActive
      value: 1
      objectReference: {fileID: 0}
    - target: {fileID: 0}
      propertyPath: m_CollisionDetection
      value: 1
      objectReference: {fileID: 0}
    - target: {fileID: 13580338, guid: efca12e89e9d99540b62f26179c8f61f, type: 2}
      propertyPath: m_Material
      value: 
      objectReference: {fileID: 0}
    - target: {fileID: 11481554, guid: efca12e89e9d99540b62f26179c8f61f, type: 2}
      propertyPath: m_Enabled
      value: 1
      objectReference: {fileID: 0}
    - target: {fileID: 0}
      propertyPath: m_UseGravity
      value: 0
      objectReference: {fileID: 0}
    - target: {fileID: 0}
      propertyPath: m_Enabled
      value: 0
      objectReference: {fileID: 0}
    - target: {fileID: 2338692, guid: efca12e89e9d99540b62f26179c8f61f, type: 2}
      propertyPath: m_MotionVectors
      value: 2
      objectReference: {fileID: 0}
    - target: {fileID: 2338692, guid: efca12e89e9d99540b62f26179c8f61f, type: 2}
      propertyPath: m_CastShadows
      value: 0
      objectReference: {fileID: 0}
    - target: {fileID: 2338692, guid: efca12e89e9d99540b62f26179c8f61f, type: 2}
      propertyPath: m_ReceiveShadows
      value: 0
      objectReference: {fileID: 0}
    - target: {fileID: 2338692, guid: efca12e89e9d99540b62f26179c8f61f, type: 2}
      propertyPath: m_Enabled
      value: 1
      objectReference: {fileID: 0}
    - target: {fileID: 2338692, guid: efca12e89e9d99540b62f26179c8f61f, type: 2}
      propertyPath: m_Materials.Array.data[0]
      value: 
      objectReference: {fileID: 2100000, guid: baee97aa99b8ab440a7e470e4a52d293, type: 2}
    - target: {fileID: 13580338, guid: efca12e89e9d99540b62f26179c8f61f, type: 2}
      propertyPath: m_Enabled
      value: 1
      objectReference: {fileID: 0}
    m_RemovedComponents:
    - {fileID: 0}
  m_ParentPrefab: {fileID: 100100000, guid: efca12e89e9d99540b62f26179c8f61f, type: 2}
  m_IsPrefabParent: 0
--- !u!1001 &797585208
Prefab:
  m_ObjectHideFlags: 0
  serializedVersion: 2
  m_Modification:
    m_TransformParent: {fileID: 918824420}
    m_Modifications:
    - target: {fileID: 475216, guid: 750191704a55d5d4aacf3382f2d34000, type: 2}
      propertyPath: m_LocalPosition.x
      value: -1.49
      objectReference: {fileID: 0}
    - target: {fileID: 475216, guid: 750191704a55d5d4aacf3382f2d34000, type: 2}
      propertyPath: m_LocalPosition.y
      value: -0.820405
      objectReference: {fileID: 0}
    - target: {fileID: 475216, guid: 750191704a55d5d4aacf3382f2d34000, type: 2}
      propertyPath: m_LocalPosition.z
      value: -0.88
      objectReference: {fileID: 0}
    - target: {fileID: 475216, guid: 750191704a55d5d4aacf3382f2d34000, type: 2}
      propertyPath: m_LocalRotation.x
      value: 0
      objectReference: {fileID: 0}
    - target: {fileID: 475216, guid: 750191704a55d5d4aacf3382f2d34000, type: 2}
      propertyPath: m_LocalRotation.y
      value: -0.258819
      objectReference: {fileID: 0}
    - target: {fileID: 475216, guid: 750191704a55d5d4aacf3382f2d34000, type: 2}
      propertyPath: m_LocalRotation.z
      value: 0
      objectReference: {fileID: 0}
    - target: {fileID: 475216, guid: 750191704a55d5d4aacf3382f2d34000, type: 2}
      propertyPath: m_LocalRotation.w
      value: 0.9659259
      objectReference: {fileID: 0}
    - target: {fileID: 475216, guid: 750191704a55d5d4aacf3382f2d34000, type: 2}
      propertyPath: m_RootOrder
      value: 7
      objectReference: {fileID: 0}
    - target: {fileID: 475216, guid: 750191704a55d5d4aacf3382f2d34000, type: 2}
      propertyPath: m_LocalScale.x
      value: 0.56000024
      objectReference: {fileID: 0}
    - target: {fileID: 475216, guid: 750191704a55d5d4aacf3382f2d34000, type: 2}
      propertyPath: m_LocalScale.z
      value: 0.47000024
      objectReference: {fileID: 0}
    - target: {fileID: 475216, guid: 750191704a55d5d4aacf3382f2d34000, type: 2}
      propertyPath: m_LocalEulerAnglesHint.y
      value: -30
      objectReference: {fileID: 0}
    - target: {fileID: 189786, guid: 750191704a55d5d4aacf3382f2d34000, type: 2}
      propertyPath: m_Name
      value: AccBox (2)
      objectReference: {fileID: 0}
    m_RemovedComponents: []
  m_ParentPrefab: {fileID: 100100000, guid: 750191704a55d5d4aacf3382f2d34000, type: 2}
  m_IsPrefabParent: 0
--- !u!1001 &805052748
Prefab:
  m_ObjectHideFlags: 0
  serializedVersion: 2
  m_Modification:
    m_TransformParent: {fileID: 1142401265}
    m_Modifications:
    - target: {fileID: 492576, guid: efca12e89e9d99540b62f26179c8f61f, type: 2}
      propertyPath: m_LocalPosition.x
      value: 3.25
      objectReference: {fileID: 0}
    - target: {fileID: 492576, guid: efca12e89e9d99540b62f26179c8f61f, type: 2}
      propertyPath: m_LocalPosition.y
      value: 0.9099997
      objectReference: {fileID: 0}
    - target: {fileID: 492576, guid: efca12e89e9d99540b62f26179c8f61f, type: 2}
      propertyPath: m_LocalPosition.z
      value: 4.53
      objectReference: {fileID: 0}
    - target: {fileID: 492576, guid: efca12e89e9d99540b62f26179c8f61f, type: 2}
      propertyPath: m_LocalRotation.x
      value: -0
      objectReference: {fileID: 0}
    - target: {fileID: 492576, guid: efca12e89e9d99540b62f26179c8f61f, type: 2}
      propertyPath: m_LocalRotation.y
      value: -0
      objectReference: {fileID: 0}
    - target: {fileID: 492576, guid: efca12e89e9d99540b62f26179c8f61f, type: 2}
      propertyPath: m_LocalRotation.z
      value: -0
      objectReference: {fileID: 0}
    - target: {fileID: 492576, guid: efca12e89e9d99540b62f26179c8f61f, type: 2}
      propertyPath: m_LocalRotation.w
      value: 1
      objectReference: {fileID: 0}
    - target: {fileID: 492576, guid: efca12e89e9d99540b62f26179c8f61f, type: 2}
      propertyPath: m_RootOrder
      value: 4
      objectReference: {fileID: 0}
    - target: {fileID: 173666, guid: efca12e89e9d99540b62f26179c8f61f, type: 2}
      propertyPath: m_Name
      value: gem (5)
      objectReference: {fileID: 0}
    - target: {fileID: 173666, guid: efca12e89e9d99540b62f26179c8f61f, type: 2}
      propertyPath: m_IsActive
      value: 1
      objectReference: {fileID: 0}
    - target: {fileID: 0}
      propertyPath: m_CollisionDetection
      value: 1
      objectReference: {fileID: 0}
    - target: {fileID: 13580338, guid: efca12e89e9d99540b62f26179c8f61f, type: 2}
      propertyPath: m_Material
      value: 
      objectReference: {fileID: 0}
    - target: {fileID: 11481554, guid: efca12e89e9d99540b62f26179c8f61f, type: 2}
      propertyPath: m_Enabled
      value: 1
      objectReference: {fileID: 0}
    - target: {fileID: 0}
      propertyPath: m_UseGravity
      value: 0
      objectReference: {fileID: 0}
    - target: {fileID: 0}
      propertyPath: m_Enabled
      value: 0
      objectReference: {fileID: 0}
    - target: {fileID: 2338692, guid: efca12e89e9d99540b62f26179c8f61f, type: 2}
      propertyPath: m_MotionVectors
      value: 2
      objectReference: {fileID: 0}
    - target: {fileID: 2338692, guid: efca12e89e9d99540b62f26179c8f61f, type: 2}
      propertyPath: m_CastShadows
      value: 0
      objectReference: {fileID: 0}
    - target: {fileID: 2338692, guid: efca12e89e9d99540b62f26179c8f61f, type: 2}
      propertyPath: m_ReceiveShadows
      value: 0
      objectReference: {fileID: 0}
    - target: {fileID: 2338692, guid: efca12e89e9d99540b62f26179c8f61f, type: 2}
      propertyPath: m_Enabled
      value: 1
      objectReference: {fileID: 0}
    - target: {fileID: 2338692, guid: efca12e89e9d99540b62f26179c8f61f, type: 2}
      propertyPath: m_Materials.Array.data[0]
      value: 
      objectReference: {fileID: 2100000, guid: baee97aa99b8ab440a7e470e4a52d293, type: 2}
    - target: {fileID: 13580338, guid: efca12e89e9d99540b62f26179c8f61f, type: 2}
      propertyPath: m_Enabled
      value: 1
      objectReference: {fileID: 0}
    m_RemovedComponents:
    - {fileID: 0}
  m_ParentPrefab: {fileID: 100100000, guid: efca12e89e9d99540b62f26179c8f61f, type: 2}
  m_IsPrefabParent: 0
--- !u!1001 &823168710
Prefab:
  m_ObjectHideFlags: 0
  serializedVersion: 2
  m_Modification:
    m_TransformParent: {fileID: 918824420}
    m_Modifications:
    - target: {fileID: 475216, guid: 750191704a55d5d4aacf3382f2d34000, type: 2}
      propertyPath: m_LocalPosition.x
      value: 1.58
      objectReference: {fileID: 0}
    - target: {fileID: 475216, guid: 750191704a55d5d4aacf3382f2d34000, type: 2}
      propertyPath: m_LocalPosition.y
      value: -0.820405
      objectReference: {fileID: 0}
    - target: {fileID: 475216, guid: 750191704a55d5d4aacf3382f2d34000, type: 2}
      propertyPath: m_LocalPosition.z
      value: -0.88
      objectReference: {fileID: 0}
    - target: {fileID: 475216, guid: 750191704a55d5d4aacf3382f2d34000, type: 2}
      propertyPath: m_LocalRotation.x
      value: 0.2588191
      objectReference: {fileID: 0}
    - target: {fileID: 475216, guid: 750191704a55d5d4aacf3382f2d34000, type: 2}
      propertyPath: m_LocalRotation.y
      value: 0
      objectReference: {fileID: 0}
    - target: {fileID: 475216, guid: 750191704a55d5d4aacf3382f2d34000, type: 2}
      propertyPath: m_LocalRotation.z
      value: 0.9659258
      objectReference: {fileID: 0}
    - target: {fileID: 475216, guid: 750191704a55d5d4aacf3382f2d34000, type: 2}
      propertyPath: m_LocalRotation.w
      value: 0
      objectReference: {fileID: 0}
    - target: {fileID: 475216, guid: 750191704a55d5d4aacf3382f2d34000, type: 2}
      propertyPath: m_RootOrder
      value: 8
      objectReference: {fileID: 0}
    - target: {fileID: 475216, guid: 750191704a55d5d4aacf3382f2d34000, type: 2}
      propertyPath: m_LocalScale.x
      value: 0.56
      objectReference: {fileID: 0}
    - target: {fileID: 475216, guid: 750191704a55d5d4aacf3382f2d34000, type: 2}
      propertyPath: m_LocalScale.z
      value: 0.47
      objectReference: {fileID: 0}
    - target: {fileID: 475216, guid: 750191704a55d5d4aacf3382f2d34000, type: 2}
      propertyPath: m_LocalEulerAnglesHint.y
      value: 30
      objectReference: {fileID: 0}
    - target: {fileID: 189786, guid: 750191704a55d5d4aacf3382f2d34000, type: 2}
      propertyPath: m_Name
      value: AccBox (3)
      objectReference: {fileID: 0}
    - target: {fileID: 475216, guid: 750191704a55d5d4aacf3382f2d34000, type: 2}
      propertyPath: m_LocalEulerAnglesHint.z
      value: 180
      objectReference: {fileID: 0}
    - target: {fileID: 11417654, guid: 750191704a55d5d4aacf3382f2d34000, type: 2}
      propertyPath: Torque_y
      value: 0
      objectReference: {fileID: 0}
    - target: {fileID: 11417654, guid: 750191704a55d5d4aacf3382f2d34000, type: 2}
      propertyPath: Torque_x
      value: 8000
      objectReference: {fileID: 0}
    m_RemovedComponents: []
  m_ParentPrefab: {fileID: 100100000, guid: 750191704a55d5d4aacf3382f2d34000, type: 2}
  m_IsPrefabParent: 0
--- !u!1001 &866698370
Prefab:
  m_ObjectHideFlags: 0
  serializedVersion: 2
  m_Modification:
    m_TransformParent: {fileID: 918824420}
    m_Modifications:
    - target: {fileID: 478766, guid: 00ac1703caaf9c34a99fb4c0b6297700, type: 2}
      propertyPath: m_LocalPosition.x
      value: 5.56
      objectReference: {fileID: 0}
    - target: {fileID: 478766, guid: 00ac1703caaf9c34a99fb4c0b6297700, type: 2}
      propertyPath: m_LocalPosition.y
      value: 0.96700037
      objectReference: {fileID: 0}
    - target: {fileID: 478766, guid: 00ac1703caaf9c34a99fb4c0b6297700, type: 2}
      propertyPath: m_LocalPosition.z
      value: -0.57
      objectReference: {fileID: 0}
    - target: {fileID: 478766, guid: 00ac1703caaf9c34a99fb4c0b6297700, type: 2}
      propertyPath: m_LocalRotation.x
      value: -0.49991354
      objectReference: {fileID: 0}
    - target: {fileID: 478766, guid: 00ac1703caaf9c34a99fb4c0b6297700, type: 2}
      propertyPath: m_LocalRotation.y
      value: 0.5000864
      objectReference: {fileID: 0}
    - target: {fileID: 478766, guid: 00ac1703caaf9c34a99fb4c0b6297700, type: 2}
      propertyPath: m_LocalRotation.z
      value: 0.49991363
      objectReference: {fileID: 0}
    - target: {fileID: 478766, guid: 00ac1703caaf9c34a99fb4c0b6297700, type: 2}
      propertyPath: m_LocalRotation.w
      value: 0.50008637
      objectReference: {fileID: 0}
    - target: {fileID: 478766, guid: 00ac1703caaf9c34a99fb4c0b6297700, type: 2}
      propertyPath: m_RootOrder
      value: 4
      objectReference: {fileID: 0}
    - target: {fileID: 478766, guid: 00ac1703caaf9c34a99fb4c0b6297700, type: 2}
      propertyPath: m_LocalScale.z
      value: 125
      objectReference: {fileID: 0}
    - target: {fileID: 182610, guid: 00ac1703caaf9c34a99fb4c0b6297700, type: 2}
      propertyPath: m_Name
      value: Star (1)
      objectReference: {fileID: 0}
    - target: {fileID: 478766, guid: 00ac1703caaf9c34a99fb4c0b6297700, type: 2}
      propertyPath: m_LocalScale.y
      value: 124.999985
      objectReference: {fileID: 0}
    m_RemovedComponents: []
  m_ParentPrefab: {fileID: 100100000, guid: 00ac1703caaf9c34a99fb4c0b6297700, type: 2}
  m_IsPrefabParent: 0
--- !u!1 &895056680 stripped
GameObject:
  m_PrefabParentObject: {fileID: 173666, guid: efca12e89e9d99540b62f26179c8f61f, type: 2}
  m_PrefabInternal: {fileID: 1065807181}
--- !u!54 &895056682
Rigidbody:
  m_ObjectHideFlags: 0
  m_PrefabParentObject: {fileID: 0}
  m_PrefabInternal: {fileID: 0}
  m_GameObject: {fileID: 895056680}
  serializedVersion: 2
  m_Mass: 0.1
  m_Drag: 0
  m_AngularDrag: 1.28
  m_UseGravity: 0
  m_IsKinematic: 0
  m_Interpolate: 0
  m_Constraints: 14
  m_CollisionDetection: 1
--- !u!4 &918824420 stripped
Transform:
  m_PrefabParentObject: {fileID: 489858, guid: 8eae31055672e93428329dedfead72e8, type: 2}
  m_PrefabInternal: {fileID: 1703868769}
--- !u!1001 &966565298
Prefab:
  m_ObjectHideFlags: 0
  serializedVersion: 2
  m_Modification:
    m_TransformParent: {fileID: 1142401265}
    m_Modifications:
    - target: {fileID: 492576, guid: efca12e89e9d99540b62f26179c8f61f, type: 2}
      propertyPath: m_LocalPosition.x
      value: -6.07
      objectReference: {fileID: 0}
    - target: {fileID: 492576, guid: efca12e89e9d99540b62f26179c8f61f, type: 2}
      propertyPath: m_LocalPosition.y
      value: 0.9099997
      objectReference: {fileID: 0}
    - target: {fileID: 492576, guid: efca12e89e9d99540b62f26179c8f61f, type: 2}
      propertyPath: m_LocalPosition.z
      value: 0.17
      objectReference: {fileID: 0}
    - target: {fileID: 492576, guid: efca12e89e9d99540b62f26179c8f61f, type: 2}
      propertyPath: m_LocalRotation.x
      value: -0
      objectReference: {fileID: 0}
    - target: {fileID: 492576, guid: efca12e89e9d99540b62f26179c8f61f, type: 2}
      propertyPath: m_LocalRotation.y
      value: -0
      objectReference: {fileID: 0}
    - target: {fileID: 492576, guid: efca12e89e9d99540b62f26179c8f61f, type: 2}
      propertyPath: m_LocalRotation.z
      value: -0
      objectReference: {fileID: 0}
    - target: {fileID: 492576, guid: efca12e89e9d99540b62f26179c8f61f, type: 2}
      propertyPath: m_LocalRotation.w
      value: 1
      objectReference: {fileID: 0}
    - target: {fileID: 492576, guid: efca12e89e9d99540b62f26179c8f61f, type: 2}
      propertyPath: m_RootOrder
      value: 3
      objectReference: {fileID: 0}
    - target: {fileID: 173666, guid: efca12e89e9d99540b62f26179c8f61f, type: 2}
      propertyPath: m_Name
      value: gem (4)
      objectReference: {fileID: 0}
    - target: {fileID: 173666, guid: efca12e89e9d99540b62f26179c8f61f, type: 2}
      propertyPath: m_IsActive
      value: 1
      objectReference: {fileID: 0}
    - target: {fileID: 0}
      propertyPath: m_CollisionDetection
      value: 1
      objectReference: {fileID: 0}
    - target: {fileID: 13580338, guid: efca12e89e9d99540b62f26179c8f61f, type: 2}
      propertyPath: m_Material
      value: 
      objectReference: {fileID: 0}
    - target: {fileID: 11481554, guid: efca12e89e9d99540b62f26179c8f61f, type: 2}
      propertyPath: m_Enabled
      value: 1
      objectReference: {fileID: 0}
    - target: {fileID: 0}
      propertyPath: m_UseGravity
      value: 0
      objectReference: {fileID: 0}
    - target: {fileID: 0}
      propertyPath: m_Enabled
      value: 0
      objectReference: {fileID: 0}
    - target: {fileID: 2338692, guid: efca12e89e9d99540b62f26179c8f61f, type: 2}
      propertyPath: m_MotionVectors
      value: 2
      objectReference: {fileID: 0}
    - target: {fileID: 2338692, guid: efca12e89e9d99540b62f26179c8f61f, type: 2}
      propertyPath: m_CastShadows
      value: 0
      objectReference: {fileID: 0}
    - target: {fileID: 2338692, guid: efca12e89e9d99540b62f26179c8f61f, type: 2}
      propertyPath: m_ReceiveShadows
      value: 0
      objectReference: {fileID: 0}
    - target: {fileID: 2338692, guid: efca12e89e9d99540b62f26179c8f61f, type: 2}
      propertyPath: m_Enabled
      value: 1
      objectReference: {fileID: 0}
    - target: {fileID: 2338692, guid: efca12e89e9d99540b62f26179c8f61f, type: 2}
      propertyPath: m_Materials.Array.data[0]
      value: 
      objectReference: {fileID: 2100000, guid: baee97aa99b8ab440a7e470e4a52d293, type: 2}
    - target: {fileID: 13580338, guid: efca12e89e9d99540b62f26179c8f61f, type: 2}
      propertyPath: m_Enabled
      value: 1
      objectReference: {fileID: 0}
    m_RemovedComponents:
    - {fileID: 0}
  m_ParentPrefab: {fileID: 100100000, guid: efca12e89e9d99540b62f26179c8f61f, type: 2}
  m_IsPrefabParent: 0
--- !u!1001 &971432931
Prefab:
  m_ObjectHideFlags: 0
  serializedVersion: 2
  m_Modification:
    m_TransformParent: {fileID: 918824420}
    m_Modifications:
    - target: {fileID: 475216, guid: 750191704a55d5d4aacf3382f2d34000, type: 2}
      propertyPath: m_LocalPosition.x
      value: 4.74
      objectReference: {fileID: 0}
    - target: {fileID: 475216, guid: 750191704a55d5d4aacf3382f2d34000, type: 2}
      propertyPath: m_LocalPosition.y
      value: -0.820405
      objectReference: {fileID: 0}
    - target: {fileID: 475216, guid: 750191704a55d5d4aacf3382f2d34000, type: 2}
      propertyPath: m_LocalPosition.z
      value: -0.97
      objectReference: {fileID: 0}
    - target: {fileID: 475216, guid: 750191704a55d5d4aacf3382f2d34000, type: 2}
      propertyPath: m_LocalRotation.x
      value: 0.84432805
      objectReference: {fileID: 0}
    - target: {fileID: 475216, guid: 750191704a55d5d4aacf3382f2d34000, type: 2}
      propertyPath: m_LocalRotation.y
      value: 0
      objectReference: {fileID: 0}
    - target: {fileID: 475216, guid: 750191704a55d5d4aacf3382f2d34000, type: 2}
      propertyPath: m_LocalRotation.z
      value: -0.5358266
      objectReference: {fileID: 0}
    - target: {fileID: 475216, guid: 750191704a55d5d4aacf3382f2d34000, type: 2}
      propertyPath: m_LocalRotation.w
      value: 0
      objectReference: {fileID: 0}
    - target: {fileID: 475216, guid: 750191704a55d5d4aacf3382f2d34000, type: 2}
      propertyPath: m_RootOrder
      value: 9
      objectReference: {fileID: 0}
    - target: {fileID: 475216, guid: 750191704a55d5d4aacf3382f2d34000, type: 2}
      propertyPath: m_LocalScale.x
      value: 0.56
      objectReference: {fileID: 0}
    - target: {fileID: 475216, guid: 750191704a55d5d4aacf3382f2d34000, type: 2}
      propertyPath: m_LocalScale.z
      value: 0.47
      objectReference: {fileID: 0}
    - target: {fileID: 475216, guid: 750191704a55d5d4aacf3382f2d34000, type: 2}
      propertyPath: m_LocalEulerAnglesHint.y
      value: 244.8
      objectReference: {fileID: 0}
    - target: {fileID: 189786, guid: 750191704a55d5d4aacf3382f2d34000, type: 2}
      propertyPath: m_Name
      value: AccBox (4)
      objectReference: {fileID: 0}
    - target: {fileID: 475216, guid: 750191704a55d5d4aacf3382f2d34000, type: 2}
      propertyPath: m_LocalEulerAnglesHint.z
      value: 180
      objectReference: {fileID: 0}
    m_RemovedComponents: []
  m_ParentPrefab: {fileID: 100100000, guid: 750191704a55d5d4aacf3382f2d34000, type: 2}
  m_IsPrefabParent: 0
--- !u!1001 &1065807181
Prefab:
  m_ObjectHideFlags: 0
  serializedVersion: 2
  m_Modification:
    m_TransformParent: {fileID: 1142401265}
    m_Modifications:
    - target: {fileID: 492576, guid: efca12e89e9d99540b62f26179c8f61f, type: 2}
      propertyPath: m_LocalPosition.x
      value: 0.07
      objectReference: {fileID: 0}
    - target: {fileID: 492576, guid: efca12e89e9d99540b62f26179c8f61f, type: 2}
      propertyPath: m_LocalPosition.y
      value: 0.9099997
      objectReference: {fileID: 0}
    - target: {fileID: 492576, guid: efca12e89e9d99540b62f26179c8f61f, type: 2}
      propertyPath: m_LocalPosition.z
      value: 3.07
      objectReference: {fileID: 0}
    - target: {fileID: 492576, guid: efca12e89e9d99540b62f26179c8f61f, type: 2}
      propertyPath: m_LocalRotation.x
      value: -0
      objectReference: {fileID: 0}
    - target: {fileID: 492576, guid: efca12e89e9d99540b62f26179c8f61f, type: 2}
      propertyPath: m_LocalRotation.y
      value: -0
      objectReference: {fileID: 0}
    - target: {fileID: 492576, guid: efca12e89e9d99540b62f26179c8f61f, type: 2}
      propertyPath: m_LocalRotation.z
      value: -0
      objectReference: {fileID: 0}
    - target: {fileID: 492576, guid: efca12e89e9d99540b62f26179c8f61f, type: 2}
      propertyPath: m_LocalRotation.w
      value: 1
      objectReference: {fileID: 0}
    - target: {fileID: 492576, guid: efca12e89e9d99540b62f26179c8f61f, type: 2}
      propertyPath: m_RootOrder
      value: 1
      objectReference: {fileID: 0}
    - target: {fileID: 173666, guid: efca12e89e9d99540b62f26179c8f61f, type: 2}
      propertyPath: m_Name
      value: gem (2)
      objectReference: {fileID: 0}
    - target: {fileID: 173666, guid: efca12e89e9d99540b62f26179c8f61f, type: 2}
      propertyPath: m_IsActive
      value: 1
      objectReference: {fileID: 0}
    - target: {fileID: 0}
      propertyPath: m_CollisionDetection
      value: 1
      objectReference: {fileID: 0}
    - target: {fileID: 13580338, guid: efca12e89e9d99540b62f26179c8f61f, type: 2}
      propertyPath: m_Material
      value: 
      objectReference: {fileID: 0}
    - target: {fileID: 11481554, guid: efca12e89e9d99540b62f26179c8f61f, type: 2}
      propertyPath: m_Enabled
      value: 1
      objectReference: {fileID: 0}
    - target: {fileID: 0}
      propertyPath: m_UseGravity
      value: 0
      objectReference: {fileID: 0}
    - target: {fileID: 0}
      propertyPath: m_Enabled
      value: 0
      objectReference: {fileID: 0}
    - target: {fileID: 2338692, guid: efca12e89e9d99540b62f26179c8f61f, type: 2}
      propertyPath: m_MotionVectors
      value: 2
      objectReference: {fileID: 0}
    - target: {fileID: 2338692, guid: efca12e89e9d99540b62f26179c8f61f, type: 2}
      propertyPath: m_CastShadows
      value: 0
      objectReference: {fileID: 0}
    - target: {fileID: 2338692, guid: efca12e89e9d99540b62f26179c8f61f, type: 2}
      propertyPath: m_ReceiveShadows
      value: 0
      objectReference: {fileID: 0}
    - target: {fileID: 2338692, guid: efca12e89e9d99540b62f26179c8f61f, type: 2}
      propertyPath: m_Enabled
      value: 1
      objectReference: {fileID: 0}
    - target: {fileID: 2338692, guid: efca12e89e9d99540b62f26179c8f61f, type: 2}
      propertyPath: m_Materials.Array.data[0]
      value: 
      objectReference: {fileID: 2100000, guid: baee97aa99b8ab440a7e470e4a52d293, type: 2}
    - target: {fileID: 13580338, guid: efca12e89e9d99540b62f26179c8f61f, type: 2}
      propertyPath: m_Enabled
      value: 1
      objectReference: {fileID: 0}
    m_RemovedComponents:
    - {fileID: 0}
  m_ParentPrefab: {fileID: 100100000, guid: efca12e89e9d99540b62f26179c8f61f, type: 2}
  m_IsPrefabParent: 0
--- !u!1001 &1111108089
Prefab:
  m_ObjectHideFlags: 0
  serializedVersion: 2
  m_Modification:
    m_TransformParent: {fileID: 1142401265}
    m_Modifications:
    - target: {fileID: 492576, guid: efca12e89e9d99540b62f26179c8f61f, type: 2}
      propertyPath: m_LocalPosition.x
      value: -3.13
      objectReference: {fileID: 0}
    - target: {fileID: 492576, guid: efca12e89e9d99540b62f26179c8f61f, type: 2}
      propertyPath: m_LocalPosition.y
      value: 0.9099997
      objectReference: {fileID: 0}
    - target: {fileID: 492576, guid: efca12e89e9d99540b62f26179c8f61f, type: 2}
      propertyPath: m_LocalPosition.z
      value: -4.89
      objectReference: {fileID: 0}
    - target: {fileID: 492576, guid: efca12e89e9d99540b62f26179c8f61f, type: 2}
      propertyPath: m_LocalRotation.x
      value: -0
      objectReference: {fileID: 0}
    - target: {fileID: 492576, guid: efca12e89e9d99540b62f26179c8f61f, type: 2}
      propertyPath: m_LocalRotation.y
      value: -0
      objectReference: {fileID: 0}
    - target: {fileID: 492576, guid: efca12e89e9d99540b62f26179c8f61f, type: 2}
      propertyPath: m_LocalRotation.z
      value: -0
      objectReference: {fileID: 0}
    - target: {fileID: 492576, guid: efca12e89e9d99540b62f26179c8f61f, type: 2}
      propertyPath: m_LocalRotation.w
      value: 1
      objectReference: {fileID: 0}
    - target: {fileID: 492576, guid: efca12e89e9d99540b62f26179c8f61f, type: 2}
      propertyPath: m_RootOrder
      value: 5
      objectReference: {fileID: 0}
    - target: {fileID: 173666, guid: efca12e89e9d99540b62f26179c8f61f, type: 2}
      propertyPath: m_Name
      value: gem (6)
      objectReference: {fileID: 0}
    - target: {fileID: 173666, guid: efca12e89e9d99540b62f26179c8f61f, type: 2}
      propertyPath: m_IsActive
      value: 1
      objectReference: {fileID: 0}
    - target: {fileID: 0}
      propertyPath: m_CollisionDetection
      value: 1
      objectReference: {fileID: 0}
    - target: {fileID: 13580338, guid: efca12e89e9d99540b62f26179c8f61f, type: 2}
      propertyPath: m_Material
      value: 
      objectReference: {fileID: 0}
    - target: {fileID: 11481554, guid: efca12e89e9d99540b62f26179c8f61f, type: 2}
      propertyPath: m_Enabled
      value: 1
      objectReference: {fileID: 0}
    - target: {fileID: 0}
      propertyPath: m_UseGravity
      value: 0
      objectReference: {fileID: 0}
    - target: {fileID: 0}
      propertyPath: m_Enabled
      value: 0
      objectReference: {fileID: 0}
    - target: {fileID: 2338692, guid: efca12e89e9d99540b62f26179c8f61f, type: 2}
      propertyPath: m_MotionVectors
      value: 2
      objectReference: {fileID: 0}
    - target: {fileID: 2338692, guid: efca12e89e9d99540b62f26179c8f61f, type: 2}
      propertyPath: m_CastShadows
      value: 0
      objectReference: {fileID: 0}
    - target: {fileID: 2338692, guid: efca12e89e9d99540b62f26179c8f61f, type: 2}
      propertyPath: m_ReceiveShadows
      value: 0
      objectReference: {fileID: 0}
    - target: {fileID: 2338692, guid: efca12e89e9d99540b62f26179c8f61f, type: 2}
      propertyPath: m_Enabled
      value: 1
      objectReference: {fileID: 0}
    - target: {fileID: 2338692, guid: efca12e89e9d99540b62f26179c8f61f, type: 2}
      propertyPath: m_Materials.Array.data[0]
      value: 
      objectReference: {fileID: 2100000, guid: baee97aa99b8ab440a7e470e4a52d293, type: 2}
    - target: {fileID: 13580338, guid: efca12e89e9d99540b62f26179c8f61f, type: 2}
      propertyPath: m_Enabled
      value: 1
      objectReference: {fileID: 0}
    m_RemovedComponents:
    - {fileID: 0}
  m_ParentPrefab: {fileID: 100100000, guid: efca12e89e9d99540b62f26179c8f61f, type: 2}
  m_IsPrefabParent: 0
--- !u!1001 &1113272164
Prefab:
  m_ObjectHideFlags: 0
  serializedVersion: 2
  m_Modification:
    m_TransformParent: {fileID: 0}
    m_Modifications:
    - target: {fileID: 488542, guid: a856ef0cc8dece7428bb9be389f12dbb, type: 2}
      propertyPath: m_LocalPosition.x
      value: -0.058403924
      objectReference: {fileID: 0}
    - target: {fileID: 488542, guid: a856ef0cc8dece7428bb9be389f12dbb, type: 2}
      propertyPath: m_LocalPosition.y
      value: 0.9446289
      objectReference: {fileID: 0}
    - target: {fileID: 488542, guid: a856ef0cc8dece7428bb9be389f12dbb, type: 2}
      propertyPath: m_LocalPosition.z
      value: 90
      objectReference: {fileID: 0}
    - target: {fileID: 488542, guid: a856ef0cc8dece7428bb9be389f12dbb, type: 2}
      propertyPath: m_LocalRotation.x
      value: 0
      objectReference: {fileID: 0}
    - target: {fileID: 488542, guid: a856ef0cc8dece7428bb9be389f12dbb, type: 2}
      propertyPath: m_LocalRotation.y
      value: 0
      objectReference: {fileID: 0}
    - target: {fileID: 488542, guid: a856ef0cc8dece7428bb9be389f12dbb, type: 2}
      propertyPath: m_LocalRotation.z
      value: 0
      objectReference: {fileID: 0}
    - target: {fileID: 488542, guid: a856ef0cc8dece7428bb9be389f12dbb, type: 2}
      propertyPath: m_LocalRotation.w
      value: 1
      objectReference: {fileID: 0}
    - target: {fileID: 488542, guid: a856ef0cc8dece7428bb9be389f12dbb, type: 2}
      propertyPath: m_RootOrder
      value: 1
      objectReference: {fileID: 0}
    m_RemovedComponents: []
  m_ParentPrefab: {fileID: 100100000, guid: a856ef0cc8dece7428bb9be389f12dbb, type: 2}
  m_IsPrefabParent: 0
--- !u!4 &1142401265 stripped
Transform:
  m_PrefabParentObject: {fileID: 454612, guid: 8eae31055672e93428329dedfead72e8, type: 2}
  m_PrefabInternal: {fileID: 1703868769}
--- !u!1001 &1155222511
Prefab:
  m_ObjectHideFlags: 0
  serializedVersion: 2
  m_Modification:
    m_TransformParent: {fileID: 918824420}
    m_Modifications:
    - target: {fileID: 475216, guid: 750191704a55d5d4aacf3382f2d34000, type: 2}
      propertyPath: m_LocalPosition.x
      value: 4.57
      objectReference: {fileID: 0}
    - target: {fileID: 475216, guid: 750191704a55d5d4aacf3382f2d34000, type: 2}
      propertyPath: m_LocalPosition.y
      value: -0.820405
      objectReference: {fileID: 0}
    - target: {fileID: 475216, guid: 750191704a55d5d4aacf3382f2d34000, type: 2}
      propertyPath: m_LocalPosition.z
      value: -5.3
      objectReference: {fileID: 0}
    - target: {fileID: 475216, guid: 750191704a55d5d4aacf3382f2d34000, type: 2}
      propertyPath: m_LocalRotation.x
      value: 0.99893063
      objectReference: {fileID: 0}
    - target: {fileID: 475216, guid: 750191704a55d5d4aacf3382f2d34000, type: 2}
      propertyPath: m_LocalRotation.y
      value: 0
      objectReference: {fileID: 0}
    - target: {fileID: 475216, guid: 750191704a55d5d4aacf3382f2d34000, type: 2}
      propertyPath: m_LocalRotation.z
      value: -0.046234757
      objectReference: {fileID: 0}
    - target: {fileID: 475216, guid: 750191704a55d5d4aacf3382f2d34000, type: 2}
      propertyPath: m_LocalRotation.w
      value: 0
      objectReference: {fileID: 0}
    - target: {fileID: 475216, guid: 750191704a55d5d4aacf3382f2d34000, type: 2}
      propertyPath: m_RootOrder
      value: 11
      objectReference: {fileID: 0}
    - target: {fileID: 475216, guid: 750191704a55d5d4aacf3382f2d34000, type: 2}
      propertyPath: m_LocalScale.x
      value: 0.56
      objectReference: {fileID: 0}
    - target: {fileID: 475216, guid: 750191704a55d5d4aacf3382f2d34000, type: 2}
      propertyPath: m_LocalScale.z
      value: 0.47
      objectReference: {fileID: 0}
    - target: {fileID: 475216, guid: 750191704a55d5d4aacf3382f2d34000, type: 2}
      propertyPath: m_LocalEulerAnglesHint.y
      value: 185.3
      objectReference: {fileID: 0}
    - target: {fileID: 189786, guid: 750191704a55d5d4aacf3382f2d34000, type: 2}
      propertyPath: m_Name
      value: AccBox (6)
      objectReference: {fileID: 0}
    - target: {fileID: 475216, guid: 750191704a55d5d4aacf3382f2d34000, type: 2}
      propertyPath: m_LocalEulerAnglesHint.z
      value: 180
      objectReference: {fileID: 0}
    m_RemovedComponents: []
  m_ParentPrefab: {fileID: 100100000, guid: 750191704a55d5d4aacf3382f2d34000, type: 2}
  m_IsPrefabParent: 0
--- !u!1001 &1336176616
Prefab:
  m_ObjectHideFlags: 0
  serializedVersion: 2
  m_Modification:
    m_TransformParent: {fileID: 918824420}
    m_Modifications:
    - target: {fileID: 475216, guid: 750191704a55d5d4aacf3382f2d34000, type: 2}
      propertyPath: m_LocalPosition.x
      value: -6.68
      objectReference: {fileID: 0}
    - target: {fileID: 475216, guid: 750191704a55d5d4aacf3382f2d34000, type: 2}
      propertyPath: m_LocalPosition.y
      value: -0.820405
      objectReference: {fileID: 0}
    - target: {fileID: 475216, guid: 750191704a55d5d4aacf3382f2d34000, type: 2}
      propertyPath: m_LocalPosition.z
      value: -1.12
      objectReference: {fileID: 0}
    - target: {fileID: 475216, guid: 750191704a55d5d4aacf3382f2d34000, type: 2}
      propertyPath: m_LocalRotation.x
      value: 0.562805
      objectReference: {fileID: 0}
    - target: {fileID: 475216, guid: 750191704a55d5d4aacf3382f2d34000, type: 2}
      propertyPath: m_LocalRotation.y
      value: 0
      objectReference: {fileID: 0}
    - target: {fileID: 475216, guid: 750191704a55d5d4aacf3382f2d34000, type: 2}
      propertyPath: m_LocalRotation.z
      value: -0.8265897
      objectReference: {fileID: 0}
    - target: {fileID: 475216, guid: 750191704a55d5d4aacf3382f2d34000, type: 2}
      propertyPath: m_LocalRotation.w
      value: 0
      objectReference: {fileID: 0}
    - target: {fileID: 475216, guid: 750191704a55d5d4aacf3382f2d34000, type: 2}
      propertyPath: m_RootOrder
      value: 15
      objectReference: {fileID: 0}
    - target: {fileID: 475216, guid: 750191704a55d5d4aacf3382f2d34000, type: 2}
      propertyPath: m_LocalScale.x
      value: 0.5600001
      objectReference: {fileID: 0}
    - target: {fileID: 475216, guid: 750191704a55d5d4aacf3382f2d34000, type: 2}
      propertyPath: m_LocalScale.z
      value: 0.47000027
      objectReference: {fileID: 0}
    - target: {fileID: 475216, guid: 750191704a55d5d4aacf3382f2d34000, type: 2}
      propertyPath: m_LocalEulerAnglesHint.y
      value: 291.5
      objectReference: {fileID: 0}
    - target: {fileID: 189786, guid: 750191704a55d5d4aacf3382f2d34000, type: 2}
      propertyPath: m_Name
      value: AccBox (10)
      objectReference: {fileID: 0}
    - target: {fileID: 475216, guid: 750191704a55d5d4aacf3382f2d34000, type: 2}
      propertyPath: m_LocalEulerAnglesHint.z
      value: 180
      objectReference: {fileID: 0}
    - target: {fileID: 475216, guid: 750191704a55d5d4aacf3382f2d34000, type: 2}
      propertyPath: m_LocalScale.y
      value: 1.000001
      objectReference: {fileID: 0}
    m_RemovedComponents: []
  m_ParentPrefab: {fileID: 100100000, guid: 750191704a55d5d4aacf3382f2d34000, type: 2}
  m_IsPrefabParent: 0
--- !u!1001 &1408763611
Prefab:
  m_ObjectHideFlags: 0
  serializedVersion: 2
  m_Modification:
    m_TransformParent: {fileID: 918824420}
    m_Modifications:
    - target: {fileID: 475216, guid: 750191704a55d5d4aacf3382f2d34000, type: 2}
      propertyPath: m_LocalPosition.x
      value: 0.05
      objectReference: {fileID: 0}
    - target: {fileID: 475216, guid: 750191704a55d5d4aacf3382f2d34000, type: 2}
      propertyPath: m_LocalPosition.y
      value: -0.820405
      objectReference: {fileID: 0}
    - target: {fileID: 475216, guid: 750191704a55d5d4aacf3382f2d34000, type: 2}
      propertyPath: m_LocalPosition.z
      value: 1.96
      objectReference: {fileID: 0}
    - target: {fileID: 475216, guid: 750191704a55d5d4aacf3382f2d34000, type: 2}
      propertyPath: m_LocalRotation.x
      value: 0
      objectReference: {fileID: 0}
    - target: {fileID: 475216, guid: 750191704a55d5d4aacf3382f2d34000, type: 2}
      propertyPath: m_LocalRotation.y
      value: 0.678352
      objectReference: {fileID: 0}
    - target: {fileID: 475216, guid: 750191704a55d5d4aacf3382f2d34000, type: 2}
      propertyPath: m_LocalRotation.z
      value: 0
      objectReference: {fileID: 0}
    - target: {fileID: 475216, guid: 750191704a55d5d4aacf3382f2d34000, type: 2}
      propertyPath: m_LocalRotation.w
      value: 0.7347371
      objectReference: {fileID: 0}
    - target: {fileID: 475216, guid: 750191704a55d5d4aacf3382f2d34000, type: 2}
      propertyPath: m_RootOrder
      value: 6
      objectReference: {fileID: 0}
    - target: {fileID: 475216, guid: 750191704a55d5d4aacf3382f2d34000, type: 2}
      propertyPath: m_LocalScale.x
      value: 0.56
      objectReference: {fileID: 0}
    - target: {fileID: 475216, guid: 750191704a55d5d4aacf3382f2d34000, type: 2}
      propertyPath: m_LocalScale.z
      value: 0.47000006
      objectReference: {fileID: 0}
    - target: {fileID: 475216, guid: 750191704a55d5d4aacf3382f2d34000, type: 2}
      propertyPath: m_LocalEulerAnglesHint.y
      value: 85.43
      objectReference: {fileID: 0}
    - target: {fileID: 189786, guid: 750191704a55d5d4aacf3382f2d34000, type: 2}
      propertyPath: m_Name
      value: AccBox (1)
      objectReference: {fileID: 0}
    - target: {fileID: 11417654, guid: 750191704a55d5d4aacf3382f2d34000, type: 2}
      propertyPath: Torque_x
      value: 0
      objectReference: {fileID: 0}
    - target: {fileID: 11417654, guid: 750191704a55d5d4aacf3382f2d34000, type: 2}
      propertyPath: Torque_y
      value: 10000
      objectReference: {fileID: 0}
    m_RemovedComponents: []
  m_ParentPrefab: {fileID: 100100000, guid: 750191704a55d5d4aacf3382f2d34000, type: 2}
  m_IsPrefabParent: 0
--- !u!1001 &1536847005
Prefab:
  m_ObjectHideFlags: 0
  serializedVersion: 2
  m_Modification:
    m_TransformParent: {fileID: 918824420}
    m_Modifications:
    - target: {fileID: 475216, guid: 750191704a55d5d4aacf3382f2d34000, type: 2}
      propertyPath: m_LocalPosition.x
      value: -2.24
      objectReference: {fileID: 0}
    - target: {fileID: 475216, guid: 750191704a55d5d4aacf3382f2d34000, type: 2}
      propertyPath: m_LocalPosition.y
      value: -0.820405
      objectReference: {fileID: 0}
    - target: {fileID: 475216, guid: 750191704a55d5d4aacf3382f2d34000, type: 2}
      propertyPath: m_LocalPosition.z
      value: -6.83
      objectReference: {fileID: 0}
    - target: {fileID: 475216, guid: 750191704a55d5d4aacf3382f2d34000, type: 2}
      propertyPath: m_LocalRotation.x
      value: -0.85554504
      objectReference: {fileID: 0}
    - target: {fileID: 475216, guid: 750191704a55d5d4aacf3382f2d34000, type: 2}
      propertyPath: m_LocalRotation.y
      value: -0
      objectReference: {fileID: 0}
    - target: {fileID: 475216, guid: 750191704a55d5d4aacf3382f2d34000, type: 2}
      propertyPath: m_LocalRotation.z
      value: 0.5177285
      objectReference: {fileID: 0}
    - target: {fileID: 475216, guid: 750191704a55d5d4aacf3382f2d34000, type: 2}
      propertyPath: m_LocalRotation.w
      value: 0
      objectReference: {fileID: 0}
    - target: {fileID: 475216, guid: 750191704a55d5d4aacf3382f2d34000, type: 2}
      propertyPath: m_RootOrder
      value: 12
      objectReference: {fileID: 0}
    - target: {fileID: 475216, guid: 750191704a55d5d4aacf3382f2d34000, type: 2}
      propertyPath: m_LocalScale.x
      value: 0.56
      objectReference: {fileID: 0}
    - target: {fileID: 475216, guid: 750191704a55d5d4aacf3382f2d34000, type: 2}
      propertyPath: m_LocalScale.z
      value: 0.47
      objectReference: {fileID: 0}
    - target: {fileID: 475216, guid: 750191704a55d5d4aacf3382f2d34000, type: 2}
      propertyPath: m_LocalEulerAnglesHint.y
      value: -117.64
      objectReference: {fileID: 0}
    - target: {fileID: 189786, guid: 750191704a55d5d4aacf3382f2d34000, type: 2}
      propertyPath: m_Name
      value: AccBox (7)
      objectReference: {fileID: 0}
    - target: {fileID: 475216, guid: 750191704a55d5d4aacf3382f2d34000, type: 2}
      propertyPath: m_LocalEulerAnglesHint.z
      value: 180
      objectReference: {fileID: 0}
    - target: {fileID: 11417654, guid: 750191704a55d5d4aacf3382f2d34000, type: 2}
      propertyPath: Torque_x
      value: 8000
      objectReference: {fileID: 0}
    m_RemovedComponents: []
  m_ParentPrefab: {fileID: 100100000, guid: 750191704a55d5d4aacf3382f2d34000, type: 2}
  m_IsPrefabParent: 0
--- !u!1001 &1569656508
Prefab:
  m_ObjectHideFlags: 0
  serializedVersion: 2
  m_Modification:
    m_TransformParent: {fileID: 918824420}
    m_Modifications:
    - target: {fileID: 475216, guid: 750191704a55d5d4aacf3382f2d34000, type: 2}
      propertyPath: m_LocalPosition.x
      value: -3.89
      objectReference: {fileID: 0}
    - target: {fileID: 475216, guid: 750191704a55d5d4aacf3382f2d34000, type: 2}
      propertyPath: m_LocalPosition.y
      value: -0.820405
      objectReference: {fileID: 0}
    - target: {fileID: 475216, guid: 750191704a55d5d4aacf3382f2d34000, type: 2}
      propertyPath: m_LocalPosition.z
      value: 5.38
      objectReference: {fileID: 0}
    - target: {fileID: 475216, guid: 750191704a55d5d4aacf3382f2d34000, type: 2}
      propertyPath: m_LocalRotation.x
      value: 0
      objectReference: {fileID: 0}
    - target: {fileID: 475216, guid: 750191704a55d5d4aacf3382f2d34000, type: 2}
      propertyPath: m_LocalRotation.y
      value: 0.9901463
      objectReference: {fileID: 0}
    - target: {fileID: 475216, guid: 750191704a55d5d4aacf3382f2d34000, type: 2}
      propertyPath: m_LocalRotation.z
      value: -0
      objectReference: {fileID: 0}
    - target: {fileID: 475216, guid: 750191704a55d5d4aacf3382f2d34000, type: 2}
      propertyPath: m_LocalRotation.w
      value: -0.14003713
      objectReference: {fileID: 0}
    - target: {fileID: 475216, guid: 750191704a55d5d4aacf3382f2d34000, type: 2}
      propertyPath: m_RootOrder
      value: 0
      objectReference: {fileID: 0}
    - target: {fileID: 475216, guid: 750191704a55d5d4aacf3382f2d34000, type: 2}
      propertyPath: m_LocalScale.x
      value: 0.56
      objectReference: {fileID: 0}
    - target: {fileID: 475216, guid: 750191704a55d5d4aacf3382f2d34000, type: 2}
      propertyPath: m_LocalScale.z
      value: 0.47000006
      objectReference: {fileID: 0}
    - target: {fileID: 475216, guid: 750191704a55d5d4aacf3382f2d34000, type: 2}
      propertyPath: m_LocalEulerAnglesHint.y
      value: 196.1
      objectReference: {fileID: 0}
    - target: {fileID: 11417654, guid: 750191704a55d5d4aacf3382f2d34000, type: 2}
      propertyPath: Torque_x
      value: 8000
      objectReference: {fileID: 0}
    m_RemovedComponents: []
  m_ParentPrefab: {fileID: 100100000, guid: 750191704a55d5d4aacf3382f2d34000, type: 2}
  m_IsPrefabParent: 0
--- !u!1 &1675751032 stripped
GameObject:
  m_PrefabParentObject: {fileID: 100006, guid: ff3b3a659d5abc94995626add20ceb63, type: 3}
  m_PrefabInternal: {fileID: 1815059465}
--- !u!64 &1675751034
MeshCollider:
  m_ObjectHideFlags: 0
  m_PrefabParentObject: {fileID: 0}
  m_PrefabInternal: {fileID: 0}
  m_GameObject: {fileID: 1675751032}
  m_Material: {fileID: 0}
  m_IsTrigger: 0
  m_Enabled: 1
  serializedVersion: 2
  m_Convex: 0
  m_InflateMesh: 0
  m_SkinWidth: 0.01
  m_Mesh: {fileID: 4300002, guid: ff3b3a659d5abc94995626add20ceb63, type: 3}
--- !u!114 &1675751035
MonoBehaviour:
  m_ObjectHideFlags: 0
  m_PrefabParentObject: {fileID: 0}
  m_PrefabInternal: {fileID: 0}
  m_GameObject: {fileID: 1675751032}
  m_Enabled: 1
  m_EditorHideFlags: 0
  m_Script: {fileID: 11500000, guid: cd04d13fb607d1e4e9f3ce906e5d7ffb, type: 3}
  m_Name: 
  m_EditorClassIdentifier: 
  wall_hit_sound: {fileID: 1095634888960300, guid: 317e4ca3027742342a3662bb6f18622e,
    type: 2}
--- !u!54 &1675751036
Rigidbody:
  m_ObjectHideFlags: 0
  m_PrefabParentObject: {fileID: 0}
  m_PrefabInternal: {fileID: 0}
  m_GameObject: {fileID: 1675751032}
  serializedVersion: 2
  m_Mass: 1
  m_Drag: 0
  m_AngularDrag: 0.05
  m_UseGravity: 0
  m_IsKinematic: 1
  m_Interpolate: 0
  m_Constraints: 0
  m_CollisionDetection: 0
--- !u!1001 &1703868769
Prefab:
  m_ObjectHideFlags: 0
  serializedVersion: 2
  m_Modification:
    m_TransformParent: {fileID: 0}
    m_Modifications:
    - target: {fileID: 451616, guid: 8eae31055672e93428329dedfead72e8, type: 2}
      propertyPath: m_LocalPosition.x
      value: -16.808594
      objectReference: {fileID: 0}
    - target: {fileID: 451616, guid: 8eae31055672e93428329dedfead72e8, type: 2}
      propertyPath: m_LocalPosition.y
      value: 14.796875
      objectReference: {fileID: 0}
    - target: {fileID: 451616, guid: 8eae31055672e93428329dedfead72e8, type: 2}
      propertyPath: m_LocalPosition.z
      value: 1.1357422
      objectReference: {fileID: 0}
    - target: {fileID: 451616, guid: 8eae31055672e93428329dedfead72e8, type: 2}
      propertyPath: m_LocalRotation.x
      value: 0
      objectReference: {fileID: 0}
    - target: {fileID: 451616, guid: 8eae31055672e93428329dedfead72e8, type: 2}
      propertyPath: m_LocalRotation.y
      value: 0
      objectReference: {fileID: 0}
    - target: {fileID: 451616, guid: 8eae31055672e93428329dedfead72e8, type: 2}
      propertyPath: m_LocalRotation.z
      value: 0
      objectReference: {fileID: 0}
    - target: {fileID: 451616, guid: 8eae31055672e93428329dedfead72e8, type: 2}
      propertyPath: m_LocalRotation.w
      value: 1
      objectReference: {fileID: 0}
    - target: {fileID: 451616, guid: 8eae31055672e93428329dedfead72e8, type: 2}
      propertyPath: m_RootOrder
      value: 0
      objectReference: {fileID: 0}
    - target: {fileID: 179258, guid: 8eae31055672e93428329dedfead72e8, type: 2}
      propertyPath: m_IsActive
      value: 1
      objectReference: {fileID: 0}
    - target: {fileID: 11460500, guid: 8eae31055672e93428329dedfead72e8, type: 2}
      propertyPath: time_before_start
      value: 0
      objectReference: {fileID: 0}
    - target: {fileID: 8241566, guid: 8eae31055672e93428329dedfead72e8, type: 2}
      propertyPath: m_audioClip
      value: 
      objectReference: {fileID: 8300000, guid: a745fd2121998dd4bba1a23fc2656047, type: 3}
    - target: {fileID: 446214, guid: 8eae31055672e93428329dedfead72e8, type: 2}
      propertyPath: m_LocalPosition.x
      value: 5.94
      objectReference: {fileID: 0}
    - target: {fileID: 446214, guid: 8eae31055672e93428329dedfead72e8, type: 2}
      propertyPath: m_LocalPosition.y
      value: 15.25
      objectReference: {fileID: 0}
    - target: {fileID: 131930, guid: 8eae31055672e93428329dedfead72e8, type: 2}
      propertyPath: m_IsActive
      value: 0
      objectReference: {fileID: 0}
    - target: {fileID: 423872, guid: 8eae31055672e93428329dedfead72e8, type: 2}
      propertyPath: m_LocalPosition.x
      value: 10.66
      objectReference: {fileID: 0}
    - target: {fileID: 8241566, guid: 8eae31055672e93428329dedfead72e8, type: 2}
      propertyPath: Loop
      value: 1
      objectReference: {fileID: 0}
    - target: {fileID: 423872, guid: 8eae31055672e93428329dedfead72e8, type: 2}
      propertyPath: m_LocalPosition.z
      value: 11.93
      objectReference: {fileID: 0}
    - target: {fileID: 436642, guid: 8eae31055672e93428329dedfead72e8, type: 2}
      propertyPath: m_LocalPosition.z
      value: 0.05
      objectReference: {fileID: 0}
    - target: {fileID: 487128, guid: 8eae31055672e93428329dedfead72e8, type: 2}
      propertyPath: m_LocalPosition.z
      value: -0
      objectReference: {fileID: 0}
    - target: {fileID: 436642, guid: 8eae31055672e93428329dedfead72e8, type: 2}
      propertyPath: m_LocalPosition.x
      value: 6.13
      objectReference: {fileID: 0}
    - target: {fileID: 487128, guid: 8eae31055672e93428329dedfead72e8, type: 2}
      propertyPath: m_LocalPosition.x
      value: 0.05
      objectReference: {fileID: 0}
    - target: {fileID: 11411018, guid: 8eae31055672e93428329dedfead72e8, type: 2}
      propertyPath: speed
      value: 8000
      objectReference: {fileID: 0}
    - target: {fileID: 124044, guid: 8eae31055672e93428329dedfead72e8, type: 2}
      propertyPath: m_IsActive
      value: 0
      objectReference: {fileID: 0}
    - target: {fileID: 10863616, guid: 8eae31055672e93428329dedfead72e8, type: 2}
      propertyPath: m_Intensity
      value: 1.94
      objectReference: {fileID: 0}
    - target: {fileID: 128392, guid: 8eae31055672e93428329dedfead72e8, type: 2}
      propertyPath: m_IsActive
      value: 1
      objectReference: {fileID: 0}
    - target: {fileID: 10863616, guid: 8eae31055672e93428329dedfead72e8, type: 2}
      propertyPath: m_BounceIntensity
      value: 0
      objectReference: {fileID: 0}
    - target: {fileID: 459818, guid: 8eae31055672e93428329dedfead72e8, type: 2}
      propertyPath: m_LocalRotation.x
      value: 0.42810327
      objectReference: {fileID: 0}
    - target: {fileID: 459818, guid: 8eae31055672e93428329dedfead72e8, type: 2}
      propertyPath: m_LocalRotation.y
      value: -0.5063778
      objectReference: {fileID: 0}
    - target: {fileID: 459818, guid: 8eae31055672e93428329dedfead72e8, type: 2}
      propertyPath: m_LocalRotation.z
      value: 0.43088067
      objectReference: {fileID: 0}
    - target: {fileID: 459818, guid: 8eae31055672e93428329dedfead72e8, type: 2}
      propertyPath: m_LocalRotation.w
      value: 0.6120874
      objectReference: {fileID: 0}
    - target: {fileID: 459818, guid: 8eae31055672e93428329dedfead72e8, type: 2}
      propertyPath: m_LocalEulerAnglesHint.x
      value: 106.168
      objectReference: {fileID: 0}
    - target: {fileID: 459818, guid: 8eae31055672e93428329dedfead72e8, type: 2}
      propertyPath: m_LocalEulerAnglesHint.y
      value: -244.331
      objectReference: {fileID: 0}
    - target: {fileID: 459818, guid: 8eae31055672e93428329dedfead72e8, type: 2}
      propertyPath: m_LocalEulerAnglesHint.z
      value: -160.29
      objectReference: {fileID: 0}
    - target: {fileID: 11424516, guid: 8eae31055672e93428329dedfead72e8, type: 2}
      propertyPath: m_Enabled
      value: 1
      objectReference: {fileID: 0}
    - target: {fileID: 11408004, guid: 8eae31055672e93428329dedfead72e8, type: 2}
      propertyPath: m_Enabled
      value: 1
      objectReference: {fileID: 0}
    - target: {fileID: 454612, guid: 8eae31055672e93428329dedfead72e8, type: 2}
      propertyPath: m_LocalPosition.y
      value: -0.34
      objectReference: {fileID: 0}
    - target: {fileID: 400890, guid: 8eae31055672e93428329dedfead72e8, type: 2}
      propertyPath: m_LocalPosition.y
      value: -0.13
      objectReference: {fileID: 0}
    - target: {fileID: 429268, guid: 8eae31055672e93428329dedfead72e8, type: 2}
      propertyPath: m_LocalPosition.y
      value: 0.64
      objectReference: {fileID: 0}
    - target: {fileID: 400890, guid: 8eae31055672e93428329dedfead72e8, type: 2}
      propertyPath: m_LocalPosition.z
      value: -6.25
      objectReference: {fileID: 0}
    - target: {fileID: 429268, guid: 8eae31055672e93428329dedfead72e8, type: 2}
      propertyPath: m_LocalPosition.z
      value: -6.25
      objectReference: {fileID: 0}
    - target: {fileID: 400890, guid: 8eae31055672e93428329dedfead72e8, type: 2}
      propertyPath: m_LocalPosition.x
      value: -6.1
      objectReference: {fileID: 0}
    - target: {fileID: 429268, guid: 8eae31055672e93428329dedfead72e8, type: 2}
      propertyPath: m_LocalPosition.x
      value: -6.1
      objectReference: {fileID: 0}
    - target: {fileID: 2050898, guid: 8eae31055672e93428329dedfead72e8, type: 2}
      propertyPath: m_ClearFlags
      value: 2
      objectReference: {fileID: 0}
    - target: {fileID: 446214, guid: 8eae31055672e93428329dedfead72e8, type: 2}
      propertyPath: m_LocalPosition.z
      value: -0
      objectReference: {fileID: 0}
    - target: {fileID: 2050898, guid: 8eae31055672e93428329dedfead72e8, type: 2}
      propertyPath: m_BackGroundColor.r
      value: 1
      objectReference: {fileID: 0}
    - target: {fileID: 2050898, guid: 8eae31055672e93428329dedfead72e8, type: 2}
      propertyPath: m_BackGroundColor.g
      value: 0.75
      objectReference: {fileID: 0}
    - target: {fileID: 2050898, guid: 8eae31055672e93428329dedfead72e8, type: 2}
      propertyPath: m_BackGroundColor.b
      value: 0.9931035
      objectReference: {fileID: 0}
    - target: {fileID: 10863616, guid: 8eae31055672e93428329dedfead72e8, type: 2}
      propertyPath: m_Color.r
      value: 1
      objectReference: {fileID: 0}
    - target: {fileID: 10863616, guid: 8eae31055672e93428329dedfead72e8, type: 2}
      propertyPath: m_Color.g
      value: 1
      objectReference: {fileID: 0}
    - target: {fileID: 10863616, guid: 8eae31055672e93428329dedfead72e8, type: 2}
      propertyPath: m_Color.b
      value: 1
      objectReference: {fileID: 0}
    - target: {fileID: 11429902, guid: 8eae31055672e93428329dedfead72e8, type: 2}
      propertyPath: m_Enabled
      value: 0
      objectReference: {fileID: 0}
    - target: {fileID: 11429902, guid: 8eae31055672e93428329dedfead72e8, type: 2}
      propertyPath: blurSize
      value: 0.25
      objectReference: {fileID: 0}
    - target: {fileID: 11429902, guid: 8eae31055672e93428329dedfead72e8, type: 2}
      propertyPath: intensity
      value: 0.1
      objectReference: {fileID: 0}
    - target: {fileID: 464790, guid: 8eae31055672e93428329dedfead72e8, type: 2}
      propertyPath: m_LocalRotation.x
      value: -0.22002335
      objectReference: {fileID: 0}
    - target: {fileID: 464790, guid: 8eae31055672e93428329dedfead72e8, type: 2}
      propertyPath: m_LocalRotation.y
      value: 0.5838532
      objectReference: {fileID: 0}
    - target: {fileID: 464790, guid: 8eae31055672e93428329dedfead72e8, type: 2}
      propertyPath: m_LocalRotation.z
      value: -0.74873763
      objectReference: {fileID: 0}
    - target: {fileID: 464790, guid: 8eae31055672e93428329dedfead72e8, type: 2}
      propertyPath: m_LocalRotation.w
      value: 0.2238242
      objectReference: {fileID: 0}
    - target: {fileID: 464790, guid: 8eae31055672e93428329dedfead72e8, type: 2}
      propertyPath: m_LocalEulerAnglesHint.x
      value: 50.879
      objectReference: {fileID: 0}
    - target: {fileID: 464790, guid: 8eae31055672e93428329dedfead72e8, type: 2}
      propertyPath: m_LocalEulerAnglesHint.y
      value: -290.543
      objectReference: {fileID: 0}
    - target: {fileID: 464790, guid: 8eae31055672e93428329dedfead72e8, type: 2}
      propertyPath: m_LocalEulerAnglesHint.z
      value: -470.216
      objectReference: {fileID: 0}
    - target: {fileID: 114714479859437746, guid: 8eae31055672e93428329dedfead72e8,
        type: 2}
      propertyPath: bigscale
      value: 2
      objectReference: {fileID: 0}
    - target: {fileID: 10826314, guid: 8eae31055672e93428329dedfead72e8, type: 2}
      propertyPath: m_Lightmapping
      value: 4
      objectReference: {fileID: 0}
    - target: {fileID: 10826314, guid: 8eae31055672e93428329dedfead72e8, type: 2}
      propertyPath: m_Color.r
      value: 1
      objectReference: {fileID: 0}
    - target: {fileID: 10826314, guid: 8eae31055672e93428329dedfead72e8, type: 2}
      propertyPath: m_Color.g
      value: 1
      objectReference: {fileID: 0}
    - target: {fileID: 10826314, guid: 8eae31055672e93428329dedfead72e8, type: 2}
      propertyPath: m_Color.b
      value: 1
      objectReference: {fileID: 0}
    - target: {fileID: 10826314, guid: 8eae31055672e93428329dedfead72e8, type: 2}
      propertyPath: m_BounceIntensity
      value: 0
      objectReference: {fileID: 0}
    - target: {fileID: 10826314, guid: 8eae31055672e93428329dedfead72e8, type: 2}
      propertyPath: m_Intensity
      value: 1.5
      objectReference: {fileID: 0}
    - target: {fileID: 446214, guid: 8eae31055672e93428329dedfead72e8, type: 2}
      propertyPath: m_LocalRotation.x
      value: 0.5004318
      objectReference: {fileID: 0}
    - target: {fileID: 446214, guid: 8eae31055672e93428329dedfead72e8, type: 2}
      propertyPath: m_LocalRotation.y
      value: 0.49956787
      objectReference: {fileID: 0}
    - target: {fileID: 446214, guid: 8eae31055672e93428329dedfead72e8, type: 2}
      propertyPath: m_LocalRotation.z
      value: -0.49956787
      objectReference: {fileID: 0}
    - target: {fileID: 446214, guid: 8eae31055672e93428329dedfead72e8, type: 2}
      propertyPath: m_LocalRotation.w
      value: 0.5004318
      objectReference: {fileID: 0}
    - target: {fileID: 446214, guid: 8eae31055672e93428329dedfead72e8, type: 2}
      propertyPath: m_LocalEulerAnglesHint.x
      value: 90
      objectReference: {fileID: 0}
    - target: {fileID: 487128, guid: 8eae31055672e93428329dedfead72e8, type: 2}
      propertyPath: m_RootOrder
      value: 16
      objectReference: {fileID: 0}
    - target: {fileID: 423872, guid: 8eae31055672e93428329dedfead72e8, type: 2}
      propertyPath: m_RootOrder
      value: 1
      objectReference: {fileID: 0}
    - target: {fileID: 454612, guid: 8eae31055672e93428329dedfead72e8, type: 2}
      propertyPath: m_RootOrder
      value: 3
      objectReference: {fileID: 0}
    - target: {fileID: 423872, guid: 8eae31055672e93428329dedfead72e8, type: 2}
      propertyPath: m_LocalPosition.y
      value: 0.21
      objectReference: {fileID: 0}
    - target: {fileID: 114580392111187042, guid: 8eae31055672e93428329dedfead72e8,
        type: 2}
      propertyPath: m_Color.a
      value: 0.1
      objectReference: {fileID: 0}
    - target: {fileID: 114423399122852566, guid: 8eae31055672e93428329dedfead72e8,
        type: 2}
      propertyPath: m_Color.a
      value: 0.1
      objectReference: {fileID: 0}
    - target: {fileID: 114977747064386534, guid: 8eae31055672e93428329dedfead72e8,
        type: 2}
      propertyPath: m_Color.a
      value: 0.1
      objectReference: {fileID: 0}
    - target: {fileID: 114711250037632968, guid: 8eae31055672e93428329dedfead72e8,
        type: 2}
      propertyPath: m_Color.a
      value: 0.1
      objectReference: {fileID: 0}
    - target: {fileID: 114746773484816962, guid: 8eae31055672e93428329dedfead72e8,
        type: 2}
      propertyPath: m_Color.a
      value: 0.1
      objectReference: {fileID: 0}
    - target: {fileID: 114729819433805792, guid: 8eae31055672e93428329dedfead72e8,
        type: 2}
      propertyPath: m_Color.a
      value: 0.1
      objectReference: {fileID: 0}
    - target: {fileID: 114238658348510516, guid: 8eae31055672e93428329dedfead72e8,
        type: 2}
      propertyPath: m_Color.a
      value: 0.1
      objectReference: {fileID: 0}
    - target: {fileID: 114861574890767990, guid: 8eae31055672e93428329dedfead72e8,
        type: 2}
      propertyPath: m_Color.a
      value: 0.1
      objectReference: {fileID: 0}
    - target: {fileID: 114724764131095538, guid: 8eae31055672e93428329dedfead72e8,
        type: 2}
      propertyPath: m_Color.a
      value: 0.039215688
      objectReference: {fileID: 0}
    - target: {fileID: 114389218031431316, guid: 8eae31055672e93428329dedfead72e8,
        type: 2}
      propertyPath: m_Color.a
      value: 0.039215688
      objectReference: {fileID: 0}
    - target: {fileID: 4063275761136994, guid: 8eae31055672e93428329dedfead72e8, type: 2}
      propertyPath: m_LocalPosition.x
      value: -2.76
      objectReference: {fileID: 0}
    - target: {fileID: 4063275761136994, guid: 8eae31055672e93428329dedfead72e8, type: 2}
      propertyPath: m_LocalPosition.y
      value: 0.97
      objectReference: {fileID: 0}
    - target: {fileID: 4063275761136994, guid: 8eae31055672e93428329dedfead72e8, type: 2}
      propertyPath: m_LocalPosition.z
      value: 5.24
      objectReference: {fileID: 0}
    - target: {fileID: 4063275761136994, guid: 8eae31055672e93428329dedfead72e8, type: 2}
      propertyPath: m_LocalScale.y
      value: 125
      objectReference: {fileID: 0}
    - target: {fileID: 4063275761136994, guid: 8eae31055672e93428329dedfead72e8, type: 2}
      propertyPath: m_RootOrder
      value: 2
      objectReference: {fileID: 0}
    - target: {fileID: 4436219163213480, guid: 8eae31055672e93428329dedfead72e8, type: 2}
      propertyPath: m_LocalPosition.x
      value: -2.23
      objectReference: {fileID: 0}
    - target: {fileID: 4436219163213480, guid: 8eae31055672e93428329dedfead72e8, type: 2}
      propertyPath: m_LocalPosition.y
      value: 0.9099997
      objectReference: {fileID: 0}
    - target: {fileID: 4436219163213480, guid: 8eae31055672e93428329dedfead72e8, type: 2}
      propertyPath: m_LocalPosition.z
      value: -1.31
      objectReference: {fileID: 0}
    - target: {fileID: 4436219163213480, guid: 8eae31055672e93428329dedfead72e8, type: 2}
      propertyPath: m_RootOrder
      value: 6
      objectReference: {fileID: 0}
    - target: {fileID: 114533084066221512, guid: 8eae31055672e93428329dedfead72e8,
        type: 2}
      propertyPath: m_Text
      value: The End of high school materials
      objectReference: {fileID: 0}
    m_RemovedComponents: []
  m_ParentPrefab: {fileID: 100100000, guid: 8eae31055672e93428329dedfead72e8, type: 2}
  m_IsPrefabParent: 0
--- !u!1 &1786750052 stripped
GameObject:
  m_PrefabParentObject: {fileID: 173666, guid: efca12e89e9d99540b62f26179c8f61f, type: 2}
  m_PrefabInternal: {fileID: 1908297136}
--- !u!54 &1786750054
Rigidbody:
  m_ObjectHideFlags: 0
  m_PrefabParentObject: {fileID: 0}
  m_PrefabInternal: {fileID: 0}
  m_GameObject: {fileID: 1786750052}
  serializedVersion: 2
  m_Mass: 0.1
  m_Drag: 0
  m_AngularDrag: 1.28
  m_UseGravity: 0
  m_IsKinematic: 0
  m_Interpolate: 0
  m_Constraints: 14
  m_CollisionDetection: 1
--- !u!1001 &1815059465
Prefab:
  m_ObjectHideFlags: 0
  serializedVersion: 2
  m_Modification:
    m_TransformParent: {fileID: 918824420}
    m_Modifications:
    - target: {fileID: 400002, guid: ff3b3a659d5abc94995626add20ceb63, type: 3}
      propertyPath: m_LocalPosition.x
      value: 0
      objectReference: {fileID: 0}
    - target: {fileID: 400002, guid: ff3b3a659d5abc94995626add20ceb63, type: 3}
      propertyPath: m_LocalPosition.y
      value: 0
      objectReference: {fileID: 0}
    - target: {fileID: 400002, guid: ff3b3a659d5abc94995626add20ceb63, type: 3}
      propertyPath: m_LocalPosition.z
      value: 0
      objectReference: {fileID: 0}
    - target: {fileID: 400002, guid: ff3b3a659d5abc94995626add20ceb63, type: 3}
      propertyPath: m_LocalRotation.x
      value: 0
      objectReference: {fileID: 0}
    - target: {fileID: 400002, guid: ff3b3a659d5abc94995626add20ceb63, type: 3}
      propertyPath: m_LocalRotation.y
      value: 0
      objectReference: {fileID: 0}
    - target: {fileID: 400002, guid: ff3b3a659d5abc94995626add20ceb63, type: 3}
      propertyPath: m_LocalRotation.z
      value: 0
      objectReference: {fileID: 0}
    - target: {fileID: 400002, guid: ff3b3a659d5abc94995626add20ceb63, type: 3}
      propertyPath: m_LocalRotation.w
      value: 1
      objectReference: {fileID: 0}
    - target: {fileID: 400002, guid: ff3b3a659d5abc94995626add20ceb63, type: 3}
      propertyPath: m_RootOrder
      value: 5
      objectReference: {fileID: 0}
    - target: {fileID: 2300008, guid: ff3b3a659d5abc94995626add20ceb63, type: 3}
      propertyPath: m_Materials.Array.data[0]
      value: 
      objectReference: {fileID: 2100000, guid: 2b994b9525b58d6438fa7e48381e9ba9, type: 2}
    - target: {fileID: 2300006, guid: ff3b3a659d5abc94995626add20ceb63, type: 3}
      propertyPath: m_Materials.Array.data[0]
      value: 
      objectReference: {fileID: 2100000, guid: cf69fcee84dee1548bcbd633c944da80, type: 2}
    - target: {fileID: 2300008, guid: ff3b3a659d5abc94995626add20ceb63, type: 3}
      propertyPath: m_ReceiveShadows
      value: 0
      objectReference: {fileID: 0}
    - target: {fileID: 2300008, guid: ff3b3a659d5abc94995626add20ceb63, type: 3}
      propertyPath: m_CastShadows
      value: 0
      objectReference: {fileID: 0}
    - target: {fileID: 2300006, guid: ff3b3a659d5abc94995626add20ceb63, type: 3}
      propertyPath: m_ReceiveShadows
      value: 0
      objectReference: {fileID: 0}
    - target: {fileID: 2300006, guid: ff3b3a659d5abc94995626add20ceb63, type: 3}
      propertyPath: m_CastShadows
      value: 0
      objectReference: {fileID: 0}
    m_RemovedComponents:
    - {fileID: 3300002, guid: ff3b3a659d5abc94995626add20ceb63, type: 3}
    - {fileID: 2300002, guid: ff3b3a659d5abc94995626add20ceb63, type: 3}
    - {fileID: 3300004, guid: ff3b3a659d5abc94995626add20ceb63, type: 3}
    - {fileID: 2300004, guid: ff3b3a659d5abc94995626add20ceb63, type: 3}
  m_ParentPrefab: {fileID: 100100000, guid: ff3b3a659d5abc94995626add20ceb63, type: 3}
  m_IsPrefabParent: 0
--- !u!1001 &1824870399
Prefab:
  m_ObjectHideFlags: 0
  serializedVersion: 2
  m_Modification:
    m_TransformParent: {fileID: 918824420}
    m_Modifications:
    - target: {fileID: 475216, guid: 750191704a55d5d4aacf3382f2d34000, type: 2}
      propertyPath: m_LocalPosition.x
      value: 6.7
      objectReference: {fileID: 0}
    - target: {fileID: 475216, guid: 750191704a55d5d4aacf3382f2d34000, type: 2}
      propertyPath: m_LocalPosition.y
      value: -0.820405
      objectReference: {fileID: 0}
    - target: {fileID: 475216, guid: 750191704a55d5d4aacf3382f2d34000, type: 2}
      propertyPath: m_LocalPosition.z
      value: 0.8
      objectReference: {fileID: 0}
    - target: {fileID: 475216, guid: 750191704a55d5d4aacf3382f2d34000, type: 2}
      propertyPath: m_LocalRotation.x
      value: 0.89021283
      objectReference: {fileID: 0}
    - target: {fileID: 475216, guid: 750191704a55d5d4aacf3382f2d34000, type: 2}
      propertyPath: m_LocalRotation.y
      value: 0
      objectReference: {fileID: 0}
    - target: {fileID: 475216, guid: 750191704a55d5d4aacf3382f2d34000, type: 2}
      propertyPath: m_LocalRotation.z
      value: 0.45554492
      objectReference: {fileID: 0}
    - target: {fileID: 475216, guid: 750191704a55d5d4aacf3382f2d34000, type: 2}
      propertyPath: m_LocalRotation.w
      value: 0
      objectReference: {fileID: 0}
    - target: {fileID: 475216, guid: 750191704a55d5d4aacf3382f2d34000, type: 2}
      propertyPath: m_RootOrder
      value: 14
      objectReference: {fileID: 0}
    - target: {fileID: 475216, guid: 750191704a55d5d4aacf3382f2d34000, type: 2}
      propertyPath: m_LocalScale.x
      value: 0.56
      objectReference: {fileID: 0}
    - target: {fileID: 475216, guid: 750191704a55d5d4aacf3382f2d34000, type: 2}
      propertyPath: m_LocalScale.z
      value: 0.47000003
      objectReference: {fileID: 0}
    - target: {fileID: 475216, guid: 750191704a55d5d4aacf3382f2d34000, type: 2}
      propertyPath: m_LocalEulerAnglesHint.y
      value: 125.8
      objectReference: {fileID: 0}
    - target: {fileID: 189786, guid: 750191704a55d5d4aacf3382f2d34000, type: 2}
      propertyPath: m_Name
      value: AccBox (9)
      objectReference: {fileID: 0}
    - target: {fileID: 475216, guid: 750191704a55d5d4aacf3382f2d34000, type: 2}
      propertyPath: m_LocalEulerAnglesHint.z
      value: 180
      objectReference: {fileID: 0}
    m_RemovedComponents: []
  m_ParentPrefab: {fileID: 100100000, guid: 750191704a55d5d4aacf3382f2d34000, type: 2}
  m_IsPrefabParent: 0
--- !u!1001 &1885525436
Prefab:
  m_ObjectHideFlags: 0
  serializedVersion: 2
  m_Modification:
    m_TransformParent: {fileID: 0}
    m_Modifications:
    - target: {fileID: 224357396863344178, guid: c7f1bedc1bc40e24cb70e3b31485f23b,
        type: 2}
      propertyPath: m_LocalPosition.x
      value: 0
      objectReference: {fileID: 0}
    - target: {fileID: 224357396863344178, guid: c7f1bedc1bc40e24cb70e3b31485f23b,
        type: 2}
      propertyPath: m_LocalPosition.y
      value: 0
      objectReference: {fileID: 0}
    - target: {fileID: 224357396863344178, guid: c7f1bedc1bc40e24cb70e3b31485f23b,
        type: 2}
      propertyPath: m_LocalPosition.z
      value: 90
      objectReference: {fileID: 0}
    - target: {fileID: 224357396863344178, guid: c7f1bedc1bc40e24cb70e3b31485f23b,
        type: 2}
      propertyPath: m_LocalRotation.x
      value: -0
      objectReference: {fileID: 0}
    - target: {fileID: 224357396863344178, guid: c7f1bedc1bc40e24cb70e3b31485f23b,
        type: 2}
      propertyPath: m_LocalRotation.y
      value: -0
      objectReference: {fileID: 0}
    - target: {fileID: 224357396863344178, guid: c7f1bedc1bc40e24cb70e3b31485f23b,
        type: 2}
      propertyPath: m_LocalRotation.z
      value: -0
      objectReference: {fileID: 0}
    - target: {fileID: 224357396863344178, guid: c7f1bedc1bc40e24cb70e3b31485f23b,
        type: 2}
      propertyPath: m_LocalRotation.w
      value: 1
      objectReference: {fileID: 0}
    - target: {fileID: 224357396863344178, guid: c7f1bedc1bc40e24cb70e3b31485f23b,
        type: 2}
      propertyPath: m_RootOrder
      value: 2
      objectReference: {fileID: 0}
    - target: {fileID: 224357396863344178, guid: c7f1bedc1bc40e24cb70e3b31485f23b,
        type: 2}
      propertyPath: m_AnchoredPosition.x
      value: 1286.8705
      objectReference: {fileID: 0}
    - target: {fileID: 224357396863344178, guid: c7f1bedc1bc40e24cb70e3b31485f23b,
        type: 2}
      propertyPath: m_AnchoredPosition.y
      value: 97.12228
      objectReference: {fileID: 0}
    - target: {fileID: 224357396863344178, guid: c7f1bedc1bc40e24cb70e3b31485f23b,
        type: 2}
      propertyPath: m_SizeDelta.x
      value: 100
      objectReference: {fileID: 0}
    - target: {fileID: 224357396863344178, guid: c7f1bedc1bc40e24cb70e3b31485f23b,
        type: 2}
      propertyPath: m_SizeDelta.y
      value: 100
      objectReference: {fileID: 0}
    - target: {fileID: 224357396863344178, guid: c7f1bedc1bc40e24cb70e3b31485f23b,
        type: 2}
      propertyPath: m_AnchorMin.x
      value: 0.5
      objectReference: {fileID: 0}
    - target: {fileID: 224357396863344178, guid: c7f1bedc1bc40e24cb70e3b31485f23b,
        type: 2}
      propertyPath: m_AnchorMin.y
      value: 0.5
      objectReference: {fileID: 0}
    - target: {fileID: 224357396863344178, guid: c7f1bedc1bc40e24cb70e3b31485f23b,
        type: 2}
      propertyPath: m_AnchorMax.x
      value: 0.5
      objectReference: {fileID: 0}
    - target: {fileID: 224357396863344178, guid: c7f1bedc1bc40e24cb70e3b31485f23b,
        type: 2}
      propertyPath: m_AnchorMax.y
      value: 0.5
      objectReference: {fileID: 0}
    - target: {fileID: 224357396863344178, guid: c7f1bedc1bc40e24cb70e3b31485f23b,
        type: 2}
      propertyPath: m_Pivot.x
      value: 0.5
      objectReference: {fileID: 0}
    - target: {fileID: 224357396863344178, guid: c7f1bedc1bc40e24cb70e3b31485f23b,
        type: 2}
      propertyPath: m_Pivot.y
      value: 0.5
      objectReference: {fileID: 0}
    m_RemovedComponents: []
  m_ParentPrefab: {fileID: 100100000, guid: c7f1bedc1bc40e24cb70e3b31485f23b, type: 2}
  m_IsPrefabParent: 0
--- !u!1001 &1908297136
Prefab:
  m_ObjectHideFlags: 0
  serializedVersion: 2
  m_Modification:
    m_TransformParent: {fileID: 1142401265}
    m_Modifications:
    - target: {fileID: 492576, guid: efca12e89e9d99540b62f26179c8f61f, type: 2}
      propertyPath: m_LocalPosition.x
      value: 2.45
      objectReference: {fileID: 0}
    - target: {fileID: 492576, guid: efca12e89e9d99540b62f26179c8f61f, type: 2}
      propertyPath: m_LocalPosition.y
      value: 0.9099997
      objectReference: {fileID: 0}
    - target: {fileID: 492576, guid: efca12e89e9d99540b62f26179c8f61f, type: 2}
      propertyPath: m_LocalPosition.z
      value: -1.46
      objectReference: {fileID: 0}
    - target: {fileID: 492576, guid: efca12e89e9d99540b62f26179c8f61f, type: 2}
      propertyPath: m_LocalRotation.x
      value: -0
      objectReference: {fileID: 0}
    - target: {fileID: 492576, guid: efca12e89e9d99540b62f26179c8f61f, type: 2}
      propertyPath: m_LocalRotation.y
      value: -0
      objectReference: {fileID: 0}
    - target: {fileID: 492576, guid: efca12e89e9d99540b62f26179c8f61f, type: 2}
      propertyPath: m_LocalRotation.z
      value: -0
      objectReference: {fileID: 0}
    - target: {fileID: 492576, guid: efca12e89e9d99540b62f26179c8f61f, type: 2}
      propertyPath: m_LocalRotation.w
      value: 1
      objectReference: {fileID: 0}
    - target: {fileID: 492576, guid: efca12e89e9d99540b62f26179c8f61f, type: 2}
      propertyPath: m_RootOrder
      value: 0
      objectReference: {fileID: 0}
    - target: {fileID: 173666, guid: efca12e89e9d99540b62f26179c8f61f, type: 2}
      propertyPath: m_Name
      value: gem (1)
      objectReference: {fileID: 0}
    - target: {fileID: 173666, guid: efca12e89e9d99540b62f26179c8f61f, type: 2}
      propertyPath: m_IsActive
      value: 1
      objectReference: {fileID: 0}
    - target: {fileID: 0}
      propertyPath: m_CollisionDetection
      value: 1
      objectReference: {fileID: 0}
    - target: {fileID: 13580338, guid: efca12e89e9d99540b62f26179c8f61f, type: 2}
      propertyPath: m_Material
      value: 
      objectReference: {fileID: 0}
    - target: {fileID: 11481554, guid: efca12e89e9d99540b62f26179c8f61f, type: 2}
      propertyPath: m_Enabled
      value: 1
      objectReference: {fileID: 0}
    - target: {fileID: 0}
      propertyPath: m_UseGravity
      value: 0
      objectReference: {fileID: 0}
    - target: {fileID: 0}
      propertyPath: m_Enabled
      value: 0
      objectReference: {fileID: 0}
    - target: {fileID: 2338692, guid: efca12e89e9d99540b62f26179c8f61f, type: 2}
      propertyPath: m_MotionVectors
      value: 2
      objectReference: {fileID: 0}
    - target: {fileID: 2338692, guid: efca12e89e9d99540b62f26179c8f61f, type: 2}
      propertyPath: m_CastShadows
      value: 0
      objectReference: {fileID: 0}
    - target: {fileID: 2338692, guid: efca12e89e9d99540b62f26179c8f61f, type: 2}
      propertyPath: m_ReceiveShadows
      value: 0
      objectReference: {fileID: 0}
    - target: {fileID: 2338692, guid: efca12e89e9d99540b62f26179c8f61f, type: 2}
      propertyPath: m_Enabled
      value: 1
      objectReference: {fileID: 0}
    - target: {fileID: 2338692, guid: efca12e89e9d99540b62f26179c8f61f, type: 2}
      propertyPath: m_Materials.Array.data[0]
      value: 
      objectReference: {fileID: 2100000, guid: baee97aa99b8ab440a7e470e4a52d293, type: 2}
    - target: {fileID: 13580338, guid: efca12e89e9d99540b62f26179c8f61f, type: 2}
      propertyPath: m_Enabled
      value: 1
      objectReference: {fileID: 0}
    m_RemovedComponents:
    - {fileID: 0}
  m_ParentPrefab: {fileID: 100100000, guid: efca12e89e9d99540b62f26179c8f61f, type: 2}
  m_IsPrefabParent: 0
