%YAML 1.1
%TAG !u! tag:unity3d.com,2011:
--- !u!29 &1
OcclusionCullingSettings:
  m_ObjectHideFlags: 0
  serializedVersion: 2
  m_OcclusionBakeSettings:
    smallestOccluder: 5
    smallestHole: 0.25
    backfaceThreshold: 100
  m_SceneGUID: 00000000000000000000000000000000
  m_OcclusionCullingData: {fileID: 0}
--- !u!104 &2
RenderSettings:
  m_ObjectHideFlags: 0
  serializedVersion: 7
  m_Fog: 0
  m_FogColor: {r: 0.5, g: 0.5, b: 0.5, a: 1}
  m_FogMode: 3
  m_FogDensity: 0.01
  m_LinearFogStart: 0
  m_LinearFogEnd: 300
  m_AmbientSkyColor: {r: 0.212, g: 0.227, b: 0.259, a: 1}
  m_AmbientEquatorColor: {r: 0.114, g: 0.125, b: 0.133, a: 1}
  m_AmbientGroundColor: {r: 0.047, g: 0.043, b: 0.035, a: 1}
  m_AmbientIntensity: 1
  m_AmbientMode: 3
  m_SkyboxMaterial: {fileID: 0}
  m_HaloStrength: 0.5
  m_FlareStrength: 1
  m_FlareFadeSpeed: 3
  m_HaloTexture: {fileID: 0}
  m_SpotCookie: {fileID: 10001, guid: 0000000000000000e000000000000000, type: 0}
  m_DefaultReflectionMode: 0
  m_DefaultReflectionResolution: 128
  m_ReflectionBounces: 1
  m_ReflectionIntensity: 0
  m_CustomReflection: {fileID: 0}
  m_Sun: {fileID: 0}
  m_IndirectSpecularColor: {r: 0, g: 0, b: 0, a: 1}
--- !u!157 &3
LightmapSettings:
  m_ObjectHideFlags: 0
  serializedVersion: 7
  m_GIWorkflowMode: 1
  m_GISettings:
    serializedVersion: 2
    m_BounceScale: 1
    m_IndirectOutputScale: 0
    m_AlbedoBoost: 1
    m_TemporalCoherenceThreshold: 1
    m_EnvironmentLightingMode: 0
    m_EnableBakedLightmaps: 0
    m_EnableRealtimeLightmaps: 0
  m_LightmapEditorSettings:
    serializedVersion: 4
    m_Resolution: 2
    m_BakeResolution: 40
    m_TextureWidth: 1024
    m_TextureHeight: 1024
    m_AO: 0
    m_AOMaxDistance: 1
    m_CompAOExponent: 0
    m_CompAOExponentDirect: 0
    m_Padding: 2
    m_LightmapParameters: {fileID: 0}
    m_LightmapsBakeMode: 1
    m_TextureCompression: 1
    m_DirectLightInLightProbes: 1
    m_FinalGather: 0
    m_FinalGatherFiltering: 1
    m_FinalGatherRayCount: 1024
    m_ReflectionCompression: 1
  m_LightingDataAsset: {fileID: 112000001, guid: fa72e6da71159c942b2f57a7dde8be8a,
    type: 2}
  m_RuntimeCPUUsage: 25
--- !u!196 &4
NavMeshSettings:
  serializedVersion: 2
  m_ObjectHideFlags: 0
  m_BuildSettings:
    serializedVersion: 2
    agentTypeID: 0
    agentRadius: 0.5
    agentHeight: 2
    agentSlope: 45
    agentClimb: 0.4
    ledgeDropHeight: 0
    maxJumpAcrossDistance: 0
    minRegionArea: 2
    manualCellSize: 0
    cellSize: 0.16666667
    accuratePlacement: 0
  m_NavMeshData: {fileID: 0}
--- !u!1 &119858807 stripped
GameObject:
  m_PrefabParentObject: {fileID: 173666, guid: efca12e89e9d99540b62f26179c8f61f, type: 2}
  m_PrefabInternal: {fileID: 714601135}
--- !u!54 &119858809
Rigidbody:
  m_ObjectHideFlags: 0
  m_PrefabParentObject: {fileID: 0}
  m_PrefabInternal: {fileID: 0}
  m_GameObject: {fileID: 119858807}
  serializedVersion: 2
  m_Mass: 0.1
  m_Drag: 0
  m_AngularDrag: 1.28
  m_UseGravity: 0
  m_IsKinematic: 0
  m_Interpolate: 0
  m_Constraints: 14
  m_CollisionDetection: 1
--- !u!1001 &145963101
Prefab:
  m_ObjectHideFlags: 0
  serializedVersion: 2
  m_Modification:
    m_TransformParent: {fileID: 1142401265}
    m_Modifications:
    - target: {fileID: 492576, guid: efca12e89e9d99540b62f26179c8f61f, type: 2}
      propertyPath: m_LocalPosition.x
      value: -4.4
      objectReference: {fileID: 0}
    - target: {fileID: 492576, guid: efca12e89e9d99540b62f26179c8f61f, type: 2}
      propertyPath: m_LocalPosition.y
      value: 0.9099997
      objectReference: {fileID: 0}
    - target: {fileID: 492576, guid: efca12e89e9d99540b62f26179c8f61f, type: 2}
      propertyPath: m_LocalPosition.z
      value: 2.91
      objectReference: {fileID: 0}
    - target: {fileID: 492576, guid: efca12e89e9d99540b62f26179c8f61f, type: 2}
      propertyPath: m_LocalRotation.x
      value: -0
      objectReference: {fileID: 0}
    - target: {fileID: 492576, guid: efca12e89e9d99540b62f26179c8f61f, type: 2}
      propertyPath: m_LocalRotation.y
      value: -0
      objectReference: {fileID: 0}
    - target: {fileID: 492576, guid: efca12e89e9d99540b62f26179c8f61f, type: 2}
      propertyPath: m_LocalRotation.z
      value: -0
      objectReference: {fileID: 0}
    - target: {fileID: 492576, guid: efca12e89e9d99540b62f26179c8f61f, type: 2}
      propertyPath: m_LocalRotation.w
      value: 1
      objectReference: {fileID: 0}
    - target: {fileID: 492576, guid: efca12e89e9d99540b62f26179c8f61f, type: 2}
      propertyPath: m_RootOrder
      value: 5
      objectReference: {fileID: 0}
    - target: {fileID: 173666, guid: efca12e89e9d99540b62f26179c8f61f, type: 2}
      propertyPath: m_Name
      value: gem (87)
      objectReference: {fileID: 0}
    - target: {fileID: 173666, guid: efca12e89e9d99540b62f26179c8f61f, type: 2}
      propertyPath: m_IsActive
      value: 1
      objectReference: {fileID: 0}
    - target: {fileID: 0}
      propertyPath: m_CollisionDetection
      value: 1
      objectReference: {fileID: 0}
    - target: {fileID: 13580338, guid: efca12e89e9d99540b62f26179c8f61f, type: 2}
      propertyPath: m_Material
      value: 
      objectReference: {fileID: 0}
    - target: {fileID: 11481554, guid: efca12e89e9d99540b62f26179c8f61f, type: 2}
      propertyPath: m_Enabled
      value: 1
      objectReference: {fileID: 0}
    - target: {fileID: 0}
      propertyPath: m_UseGravity
      value: 0
      objectReference: {fileID: 0}
    - target: {fileID: 0}
      propertyPath: m_Enabled
      value: 0
      objectReference: {fileID: 0}
    - target: {fileID: 2338692, guid: efca12e89e9d99540b62f26179c8f61f, type: 2}
      propertyPath: m_MotionVectors
      value: 2
      objectReference: {fileID: 0}
    - target: {fileID: 2338692, guid: efca12e89e9d99540b62f26179c8f61f, type: 2}
      propertyPath: m_CastShadows
      value: 0
      objectReference: {fileID: 0}
    - target: {fileID: 2338692, guid: efca12e89e9d99540b62f26179c8f61f, type: 2}
      propertyPath: m_ReceiveShadows
      value: 0
      objectReference: {fileID: 0}
    - target: {fileID: 2338692, guid: efca12e89e9d99540b62f26179c8f61f, type: 2}
      propertyPath: m_Enabled
      value: 1
      objectReference: {fileID: 0}
    - target: {fileID: 2338692, guid: efca12e89e9d99540b62f26179c8f61f, type: 2}
      propertyPath: m_Materials.Array.data[0]
      value: 
      objectReference: {fileID: 2100000, guid: baee97aa99b8ab440a7e470e4a52d293, type: 2}
    - target: {fileID: 13580338, guid: efca12e89e9d99540b62f26179c8f61f, type: 2}
      propertyPath: m_Enabled
      value: 1
      objectReference: {fileID: 0}
    m_RemovedComponents:
    - {fileID: 0}
  m_ParentPrefab: {fileID: 100100000, guid: efca12e89e9d99540b62f26179c8f61f, type: 2}
  m_IsPrefabParent: 0
--- !u!1 &186868788 stripped
GameObject:
  m_PrefabParentObject: {fileID: 173666, guid: efca12e89e9d99540b62f26179c8f61f, type: 2}
  m_PrefabInternal: {fileID: 1336831312}
--- !u!54 &186868790
Rigidbody:
  m_ObjectHideFlags: 0
  m_PrefabParentObject: {fileID: 0}
  m_PrefabInternal: {fileID: 0}
  m_GameObject: {fileID: 186868788}
  serializedVersion: 2
  m_Mass: 0.1
  m_Drag: 0
  m_AngularDrag: 1.28
  m_UseGravity: 0
  m_IsKinematic: 0
  m_Interpolate: 0
  m_Constraints: 14
  m_CollisionDetection: 1
--- !u!1 &274017838 stripped
GameObject:
  m_PrefabParentObject: {fileID: 100006, guid: f8fb8fa88f997614f881a5c4beca994f, type: 3}
  m_PrefabInternal: {fileID: 2122809787}
--- !u!64 &274017840
MeshCollider:
  m_ObjectHideFlags: 0
  m_PrefabParentObject: {fileID: 0}
  m_PrefabInternal: {fileID: 0}
  m_GameObject: {fileID: 274017838}
  m_Material: {fileID: 0}
  m_IsTrigger: 0
  m_Enabled: 1
  serializedVersion: 2
  m_Convex: 0
  m_InflateMesh: 0
  m_SkinWidth: 0.01
  m_Mesh: {fileID: 4300002, guid: f8fb8fa88f997614f881a5c4beca994f, type: 3}
--- !u!1 &375110879 stripped
GameObject:
  m_PrefabParentObject: {fileID: 173666, guid: efca12e89e9d99540b62f26179c8f61f, type: 2}
  m_PrefabInternal: {fileID: 1527231390}
--- !u!54 &375110881
Rigidbody:
  m_ObjectHideFlags: 0
  m_PrefabParentObject: {fileID: 0}
  m_PrefabInternal: {fileID: 0}
  m_GameObject: {fileID: 375110879}
  serializedVersion: 2
  m_Mass: 0.1
  m_Drag: 0
  m_AngularDrag: 1.28
  m_UseGravity: 0
  m_IsKinematic: 0
  m_Interpolate: 0
  m_Constraints: 14
  m_CollisionDetection: 1
--- !u!1001 &376426048
Prefab:
  m_ObjectHideFlags: 0
  serializedVersion: 2
  m_Modification:
    m_TransformParent: {fileID: 1142401265}
    m_Modifications:
    - target: {fileID: 492576, guid: efca12e89e9d99540b62f26179c8f61f, type: 2}
      propertyPath: m_LocalPosition.x
      value: 4.61
      objectReference: {fileID: 0}
    - target: {fileID: 492576, guid: efca12e89e9d99540b62f26179c8f61f, type: 2}
      propertyPath: m_LocalPosition.y
      value: 0.9099997
      objectReference: {fileID: 0}
    - target: {fileID: 492576, guid: efca12e89e9d99540b62f26179c8f61f, type: 2}
      propertyPath: m_LocalPosition.z
      value: 2.91
      objectReference: {fileID: 0}
    - target: {fileID: 492576, guid: efca12e89e9d99540b62f26179c8f61f, type: 2}
      propertyPath: m_LocalRotation.x
      value: -0
      objectReference: {fileID: 0}
    - target: {fileID: 492576, guid: efca12e89e9d99540b62f26179c8f61f, type: 2}
      propertyPath: m_LocalRotation.y
      value: -0
      objectReference: {fileID: 0}
    - target: {fileID: 492576, guid: efca12e89e9d99540b62f26179c8f61f, type: 2}
      propertyPath: m_LocalRotation.z
      value: -0
      objectReference: {fileID: 0}
    - target: {fileID: 492576, guid: efca12e89e9d99540b62f26179c8f61f, type: 2}
      propertyPath: m_LocalRotation.w
      value: 1
      objectReference: {fileID: 0}
    - target: {fileID: 492576, guid: efca12e89e9d99540b62f26179c8f61f, type: 2}
      propertyPath: m_RootOrder
      value: 6
      objectReference: {fileID: 0}
    - target: {fileID: 173666, guid: efca12e89e9d99540b62f26179c8f61f, type: 2}
      propertyPath: m_Name
      value: gem (88)
      objectReference: {fileID: 0}
    - target: {fileID: 173666, guid: efca12e89e9d99540b62f26179c8f61f, type: 2}
      propertyPath: m_IsActive
      value: 1
      objectReference: {fileID: 0}
    - target: {fileID: 0}
      propertyPath: m_CollisionDetection
      value: 1
      objectReference: {fileID: 0}
    - target: {fileID: 13580338, guid: efca12e89e9d99540b62f26179c8f61f, type: 2}
      propertyPath: m_Material
      value: 
      objectReference: {fileID: 0}
    - target: {fileID: 11481554, guid: efca12e89e9d99540b62f26179c8f61f, type: 2}
      propertyPath: m_Enabled
      value: 1
      objectReference: {fileID: 0}
    - target: {fileID: 0}
      propertyPath: m_UseGravity
      value: 0
      objectReference: {fileID: 0}
    - target: {fileID: 0}
      propertyPath: m_Enabled
      value: 0
      objectReference: {fileID: 0}
    - target: {fileID: 2338692, guid: efca12e89e9d99540b62f26179c8f61f, type: 2}
      propertyPath: m_MotionVectors
      value: 2
      objectReference: {fileID: 0}
    - target: {fileID: 2338692, guid: efca12e89e9d99540b62f26179c8f61f, type: 2}
      propertyPath: m_CastShadows
      value: 0
      objectReference: {fileID: 0}
    - target: {fileID: 2338692, guid: efca12e89e9d99540b62f26179c8f61f, type: 2}
      propertyPath: m_ReceiveShadows
      value: 0
      objectReference: {fileID: 0}
    - target: {fileID: 2338692, guid: efca12e89e9d99540b62f26179c8f61f, type: 2}
      propertyPath: m_Enabled
      value: 1
      objectReference: {fileID: 0}
    - target: {fileID: 2338692, guid: efca12e89e9d99540b62f26179c8f61f, type: 2}
      propertyPath: m_Materials.Array.data[0]
      value: 
      objectReference: {fileID: 2100000, guid: baee97aa99b8ab440a7e470e4a52d293, type: 2}
    - target: {fileID: 13580338, guid: efca12e89e9d99540b62f26179c8f61f, type: 2}
      propertyPath: m_Enabled
      value: 1
      objectReference: {fileID: 0}
    m_RemovedComponents:
    - {fileID: 0}
  m_ParentPrefab: {fileID: 100100000, guid: efca12e89e9d99540b62f26179c8f61f, type: 2}
  m_IsPrefabParent: 0
--- !u!1 &389427299 stripped
GameObject:
  m_PrefabParentObject: {fileID: 173666, guid: efca12e89e9d99540b62f26179c8f61f, type: 2}
  m_PrefabInternal: {fileID: 376426048}
--- !u!54 &389427301
Rigidbody:
  m_ObjectHideFlags: 0
  m_PrefabParentObject: {fileID: 0}
  m_PrefabInternal: {fileID: 0}
  m_GameObject: {fileID: 389427299}
  serializedVersion: 2
  m_Mass: 0.1
  m_Drag: 0
  m_AngularDrag: 1.28
  m_UseGravity: 0
  m_IsKinematic: 0
  m_Interpolate: 0
  m_Constraints: 14
  m_CollisionDetection: 1
--- !u!1 &392729865 stripped
GameObject:
  m_PrefabParentObject: {fileID: 100002, guid: f8fb8fa88f997614f881a5c4beca994f, type: 3}
  m_PrefabInternal: {fileID: 2122809787}
--- !u!54 &392729867
Rigidbody:
  m_ObjectHideFlags: 0
  m_PrefabParentObject: {fileID: 0}
  m_PrefabInternal: {fileID: 0}
  m_GameObject: {fileID: 392729865}
  serializedVersion: 2
  m_Mass: 1
  m_Drag: 0
  m_AngularDrag: 0.05
  m_UseGravity: 0
  m_IsKinematic: 1
  m_Interpolate: 2
  m_Constraints: 0
  m_CollisionDetection: 1
--- !u!1 &460518710 stripped
GameObject:
  m_PrefabParentObject: {fileID: 173666, guid: efca12e89e9d99540b62f26179c8f61f, type: 2}
  m_PrefabInternal: {fileID: 580050051}
--- !u!54 &460518712
Rigidbody:
  m_ObjectHideFlags: 0
  m_PrefabParentObject: {fileID: 0}
  m_PrefabInternal: {fileID: 0}
  m_GameObject: {fileID: 460518710}
  serializedVersion: 2
  m_Mass: 0.1
  m_Drag: 0
  m_AngularDrag: 1.28
  m_UseGravity: 0
  m_IsKinematic: 0
  m_Interpolate: 0
  m_Constraints: 14
  m_CollisionDetection: 1
--- !u!1 &524120590 stripped
GameObject:
  m_PrefabParentObject: {fileID: 100016, guid: f8fb8fa88f997614f881a5c4beca994f, type: 3}
  m_PrefabInternal: {fileID: 2122809787}
--- !u!114 &524120592
MonoBehaviour:
  m_ObjectHideFlags: 0
  m_PrefabParentObject: {fileID: 0}
  m_PrefabInternal: {fileID: 0}
  m_GameObject: {fileID: 524120590}
  m_Enabled: 1
  m_EditorHideFlags: 0
  m_Script: {fileID: 11500000, guid: cd04d13fb607d1e4e9f3ce906e5d7ffb, type: 3}
  m_Name: 
  m_EditorClassIdentifier: 
  wall_hit_sound: {fileID: 1095634888960300, guid: 317e4ca3027742342a3662bb6f18622e,
    type: 2}
--- !u!64 &524120593
MeshCollider:
  m_ObjectHideFlags: 0
  m_PrefabParentObject: {fileID: 0}
  m_PrefabInternal: {fileID: 0}
  m_GameObject: {fileID: 524120590}
  m_Material: {fileID: 0}
  m_IsTrigger: 0
  m_Enabled: 1
  serializedVersion: 2
  m_Convex: 0
  m_InflateMesh: 0
  m_SkinWidth: 0.01
  m_Mesh: {fileID: 4300010, guid: f8fb8fa88f997614f881a5c4beca994f, type: 3}
--- !u!54 &524120594
Rigidbody:
  m_ObjectHideFlags: 0
  m_PrefabParentObject: {fileID: 0}
  m_PrefabInternal: {fileID: 0}
  m_GameObject: {fileID: 524120590}
  serializedVersion: 2
  m_Mass: 1
  m_Drag: 0
  m_AngularDrag: 0.05
  m_UseGravity: 0
  m_IsKinematic: 1
  m_Interpolate: 0
  m_Constraints: 0
  m_CollisionDetection: 0
--- !u!1 &535335161 stripped
GameObject:
  m_PrefabParentObject: {fileID: 173666, guid: efca12e89e9d99540b62f26179c8f61f, type: 2}
  m_PrefabInternal: {fileID: 2123832908}
--- !u!54 &535335163
Rigidbody:
  m_ObjectHideFlags: 0
  m_PrefabParentObject: {fileID: 0}
  m_PrefabInternal: {fileID: 0}
  m_GameObject: {fileID: 535335161}
  serializedVersion: 2
  m_Mass: 0.1
  m_Drag: 0
  m_AngularDrag: 1.28
  m_UseGravity: 0
  m_IsKinematic: 0
  m_Interpolate: 0
  m_Constraints: 14
  m_CollisionDetection: 1
--- !u!1001 &580050051
Prefab:
  m_ObjectHideFlags: 0
  serializedVersion: 2
  m_Modification:
    m_TransformParent: {fileID: 1142401265}
    m_Modifications:
    - target: {fileID: 492576, guid: efca12e89e9d99540b62f26179c8f61f, type: 2}
      propertyPath: m_LocalPosition.x
      value: -1.0500002
      objectReference: {fileID: 0}
    - target: {fileID: 492576, guid: efca12e89e9d99540b62f26179c8f61f, type: 2}
      propertyPath: m_LocalPosition.y
      value: 0.9099997
      objectReference: {fileID: 0}
    - target: {fileID: 492576, guid: efca12e89e9d99540b62f26179c8f61f, type: 2}
      propertyPath: m_LocalPosition.z
      value: 0.96
      objectReference: {fileID: 0}
    - target: {fileID: 492576, guid: efca12e89e9d99540b62f26179c8f61f, type: 2}
      propertyPath: m_LocalRotation.x
      value: -0
      objectReference: {fileID: 0}
    - target: {fileID: 492576, guid: efca12e89e9d99540b62f26179c8f61f, type: 2}
      propertyPath: m_LocalRotation.y
      value: -0
      objectReference: {fileID: 0}
    - target: {fileID: 492576, guid: efca12e89e9d99540b62f26179c8f61f, type: 2}
      propertyPath: m_LocalRotation.z
      value: -0
      objectReference: {fileID: 0}
    - target: {fileID: 492576, guid: efca12e89e9d99540b62f26179c8f61f, type: 2}
      propertyPath: m_LocalRotation.w
      value: 1
      objectReference: {fileID: 0}
    - target: {fileID: 492576, guid: efca12e89e9d99540b62f26179c8f61f, type: 2}
      propertyPath: m_RootOrder
      value: 1
      objectReference: {fileID: 0}
    - target: {fileID: 173666, guid: efca12e89e9d99540b62f26179c8f61f, type: 2}
      propertyPath: m_Name
      value: gem (83)
      objectReference: {fileID: 0}
    - target: {fileID: 173666, guid: efca12e89e9d99540b62f26179c8f61f, type: 2}
      propertyPath: m_IsActive
      value: 1
      objectReference: {fileID: 0}
    - target: {fileID: 0}
      propertyPath: m_CollisionDetection
      value: 1
      objectReference: {fileID: 0}
    - target: {fileID: 13580338, guid: efca12e89e9d99540b62f26179c8f61f, type: 2}
      propertyPath: m_Material
      value: 
      objectReference: {fileID: 0}
    - target: {fileID: 11481554, guid: efca12e89e9d99540b62f26179c8f61f, type: 2}
      propertyPath: m_Enabled
      value: 1
      objectReference: {fileID: 0}
    - target: {fileID: 0}
      propertyPath: m_UseGravity
      value: 0
      objectReference: {fileID: 0}
    - target: {fileID: 0}
      propertyPath: m_Enabled
      value: 0
      objectReference: {fileID: 0}
    - target: {fileID: 2338692, guid: efca12e89e9d99540b62f26179c8f61f, type: 2}
      propertyPath: m_MotionVectors
      value: 2
      objectReference: {fileID: 0}
    - target: {fileID: 2338692, guid: efca12e89e9d99540b62f26179c8f61f, type: 2}
      propertyPath: m_CastShadows
      value: 0
      objectReference: {fileID: 0}
    - target: {fileID: 2338692, guid: efca12e89e9d99540b62f26179c8f61f, type: 2}
      propertyPath: m_ReceiveShadows
      value: 0
      objectReference: {fileID: 0}
    - target: {fileID: 2338692, guid: efca12e89e9d99540b62f26179c8f61f, type: 2}
      propertyPath: m_Enabled
      value: 1
      objectReference: {fileID: 0}
    - target: {fileID: 2338692, guid: efca12e89e9d99540b62f26179c8f61f, type: 2}
      propertyPath: m_Materials.Array.data[0]
      value: 
      objectReference: {fileID: 2100000, guid: baee97aa99b8ab440a7e470e4a52d293, type: 2}
    - target: {fileID: 13580338, guid: efca12e89e9d99540b62f26179c8f61f, type: 2}
      propertyPath: m_Enabled
      value: 1
      objectReference: {fileID: 0}
    m_RemovedComponents:
    - {fileID: 0}
  m_ParentPrefab: {fileID: 100100000, guid: efca12e89e9d99540b62f26179c8f61f, type: 2}
  m_IsPrefabParent: 0
--- !u!1001 &714601135
Prefab:
  m_ObjectHideFlags: 0
  serializedVersion: 2
  m_Modification:
    m_TransformParent: {fileID: 1142401265}
    m_Modifications:
    - target: {fileID: 492576, guid: efca12e89e9d99540b62f26179c8f61f, type: 2}
      propertyPath: m_LocalPosition.x
      value: 5.18
      objectReference: {fileID: 0}
    - target: {fileID: 492576, guid: efca12e89e9d99540b62f26179c8f61f, type: 2}
      propertyPath: m_LocalPosition.y
      value: 0.9099997
      objectReference: {fileID: 0}
    - target: {fileID: 492576, guid: efca12e89e9d99540b62f26179c8f61f, type: 2}
      propertyPath: m_LocalPosition.z
      value: 4.8999996
      objectReference: {fileID: 0}
    - target: {fileID: 492576, guid: efca12e89e9d99540b62f26179c8f61f, type: 2}
      propertyPath: m_LocalRotation.x
      value: -0
      objectReference: {fileID: 0}
    - target: {fileID: 492576, guid: efca12e89e9d99540b62f26179c8f61f, type: 2}
      propertyPath: m_LocalRotation.y
      value: -0
      objectReference: {fileID: 0}
    - target: {fileID: 492576, guid: efca12e89e9d99540b62f26179c8f61f, type: 2}
      propertyPath: m_LocalRotation.z
      value: -0
      objectReference: {fileID: 0}
    - target: {fileID: 492576, guid: efca12e89e9d99540b62f26179c8f61f, type: 2}
      propertyPath: m_LocalRotation.w
      value: 1
      objectReference: {fileID: 0}
    - target: {fileID: 492576, guid: efca12e89e9d99540b62f26179c8f61f, type: 2}
      propertyPath: m_RootOrder
      value: 7
      objectReference: {fileID: 0}
    - target: {fileID: 173666, guid: efca12e89e9d99540b62f26179c8f61f, type: 2}
      propertyPath: m_Name
      value: gem (89)
      objectReference: {fileID: 0}
    - target: {fileID: 173666, guid: efca12e89e9d99540b62f26179c8f61f, type: 2}
      propertyPath: m_IsActive
      value: 1
      objectReference: {fileID: 0}
    - target: {fileID: 0}
      propertyPath: m_CollisionDetection
      value: 1
      objectReference: {fileID: 0}
    - target: {fileID: 13580338, guid: efca12e89e9d99540b62f26179c8f61f, type: 2}
      propertyPath: m_Material
      value: 
      objectReference: {fileID: 0}
    - target: {fileID: 11481554, guid: efca12e89e9d99540b62f26179c8f61f, type: 2}
      propertyPath: m_Enabled
      value: 1
      objectReference: {fileID: 0}
    - target: {fileID: 0}
      propertyPath: m_UseGravity
      value: 0
      objectReference: {fileID: 0}
    - target: {fileID: 0}
      propertyPath: m_Enabled
      value: 0
      objectReference: {fileID: 0}
    - target: {fileID: 2338692, guid: efca12e89e9d99540b62f26179c8f61f, type: 2}
      propertyPath: m_MotionVectors
      value: 2
      objectReference: {fileID: 0}
    - target: {fileID: 2338692, guid: efca12e89e9d99540b62f26179c8f61f, type: 2}
      propertyPath: m_CastShadows
      value: 0
      objectReference: {fileID: 0}
    - target: {fileID: 2338692, guid: efca12e89e9d99540b62f26179c8f61f, type: 2}
      propertyPath: m_ReceiveShadows
      value: 0
      objectReference: {fileID: 0}
    - target: {fileID: 2338692, guid: efca12e89e9d99540b62f26179c8f61f, type: 2}
      propertyPath: m_Enabled
      value: 1
      objectReference: {fileID: 0}
    - target: {fileID: 2338692, guid: efca12e89e9d99540b62f26179c8f61f, type: 2}
      propertyPath: m_Materials.Array.data[0]
      value: 
      objectReference: {fileID: 2100000, guid: baee97aa99b8ab440a7e470e4a52d293, type: 2}
    - target: {fileID: 13580338, guid: efca12e89e9d99540b62f26179c8f61f, type: 2}
      propertyPath: m_Enabled
      value: 1
      objectReference: {fileID: 0}
    m_RemovedComponents:
    - {fileID: 0}
  m_ParentPrefab: {fileID: 100100000, guid: efca12e89e9d99540b62f26179c8f61f, type: 2}
  m_IsPrefabParent: 0
--- !u!1 &732571595 stripped
GameObject:
  m_PrefabParentObject: {fileID: 173666, guid: efca12e89e9d99540b62f26179c8f61f, type: 2}
  m_PrefabInternal: {fileID: 846567158}
--- !u!54 &732571597
Rigidbody:
  m_ObjectHideFlags: 0
  m_PrefabParentObject: {fileID: 0}
  m_PrefabInternal: {fileID: 0}
  m_GameObject: {fileID: 732571595}
  serializedVersion: 2
  m_Mass: 0.1
  m_Drag: 0
  m_AngularDrag: 1.28
  m_UseGravity: 0
  m_IsKinematic: 0
  m_Interpolate: 0
  m_Constraints: 14
  m_CollisionDetection: 1
--- !u!1 &818422623 stripped
GameObject:
  m_PrefabParentObject: {fileID: 173666, guid: efca12e89e9d99540b62f26179c8f61f, type: 2}
  m_PrefabInternal: {fileID: 871525232}
--- !u!54 &818422625
Rigidbody:
  m_ObjectHideFlags: 0
  m_PrefabParentObject: {fileID: 0}
  m_PrefabInternal: {fileID: 0}
  m_GameObject: {fileID: 818422623}
  serializedVersion: 2
  m_Mass: 0.1
  m_Drag: 0
  m_AngularDrag: 1.28
  m_UseGravity: 0
  m_IsKinematic: 0
  m_Interpolate: 0
  m_Constraints: 14
  m_CollisionDetection: 1
--- !u!1001 &846567158
Prefab:
  m_ObjectHideFlags: 0
  serializedVersion: 2
  m_Modification:
    m_TransformParent: {fileID: 1142401265}
    m_Modifications:
    - target: {fileID: 492576, guid: efca12e89e9d99540b62f26179c8f61f, type: 2}
      propertyPath: m_LocalPosition.x
      value: 5.7
      objectReference: {fileID: 0}
    - target: {fileID: 492576, guid: efca12e89e9d99540b62f26179c8f61f, type: 2}
      propertyPath: m_LocalPosition.y
      value: 0.9099997
      objectReference: {fileID: 0}
    - target: {fileID: 492576, guid: efca12e89e9d99540b62f26179c8f61f, type: 2}
      propertyPath: m_LocalPosition.z
      value: -3.82
      objectReference: {fileID: 0}
    - target: {fileID: 492576, guid: efca12e89e9d99540b62f26179c8f61f, type: 2}
      propertyPath: m_LocalRotation.x
      value: -0
      objectReference: {fileID: 0}
    - target: {fileID: 492576, guid: efca12e89e9d99540b62f26179c8f61f, type: 2}
      propertyPath: m_LocalRotation.y
      value: -0
      objectReference: {fileID: 0}
    - target: {fileID: 492576, guid: efca12e89e9d99540b62f26179c8f61f, type: 2}
      propertyPath: m_LocalRotation.z
      value: -0
      objectReference: {fileID: 0}
    - target: {fileID: 492576, guid: efca12e89e9d99540b62f26179c8f61f, type: 2}
      propertyPath: m_LocalRotation.w
      value: 1
      objectReference: {fileID: 0}
    - target: {fileID: 492576, guid: efca12e89e9d99540b62f26179c8f61f, type: 2}
      propertyPath: m_RootOrder
      value: 9
      objectReference: {fileID: 0}
    - target: {fileID: 173666, guid: efca12e89e9d99540b62f26179c8f61f, type: 2}
      propertyPath: m_Name
      value: gem (91)
      objectReference: {fileID: 0}
    - target: {fileID: 173666, guid: efca12e89e9d99540b62f26179c8f61f, type: 2}
      propertyPath: m_IsActive
      value: 1
      objectReference: {fileID: 0}
    - target: {fileID: 0}
      propertyPath: m_CollisionDetection
      value: 1
      objectReference: {fileID: 0}
    - target: {fileID: 13580338, guid: efca12e89e9d99540b62f26179c8f61f, type: 2}
      propertyPath: m_Material
      value: 
      objectReference: {fileID: 0}
    - target: {fileID: 11481554, guid: efca12e89e9d99540b62f26179c8f61f, type: 2}
      propertyPath: m_Enabled
      value: 1
      objectReference: {fileID: 0}
    - target: {fileID: 0}
      propertyPath: m_UseGravity
      value: 0
      objectReference: {fileID: 0}
    - target: {fileID: 0}
      propertyPath: m_Enabled
      value: 0
      objectReference: {fileID: 0}
    - target: {fileID: 2338692, guid: efca12e89e9d99540b62f26179c8f61f, type: 2}
      propertyPath: m_MotionVectors
      value: 2
      objectReference: {fileID: 0}
    - target: {fileID: 2338692, guid: efca12e89e9d99540b62f26179c8f61f, type: 2}
      propertyPath: m_CastShadows
      value: 0
      objectReference: {fileID: 0}
    - target: {fileID: 2338692, guid: efca12e89e9d99540b62f26179c8f61f, type: 2}
      propertyPath: m_ReceiveShadows
      value: 0
      objectReference: {fileID: 0}
    - target: {fileID: 2338692, guid: efca12e89e9d99540b62f26179c8f61f, type: 2}
      propertyPath: m_Enabled
      value: 1
      objectReference: {fileID: 0}
    - target: {fileID: 2338692, guid: efca12e89e9d99540b62f26179c8f61f, type: 2}
      propertyPath: m_Materials.Array.data[0]
      value: 
      objectReference: {fileID: 2100000, guid: baee97aa99b8ab440a7e470e4a52d293, type: 2}
    - target: {fileID: 13580338, guid: efca12e89e9d99540b62f26179c8f61f, type: 2}
      propertyPath: m_Enabled
      value: 1
      objectReference: {fileID: 0}
    m_RemovedComponents:
    - {fileID: 0}
  m_ParentPrefab: {fileID: 100100000, guid: efca12e89e9d99540b62f26179c8f61f, type: 2}
  m_IsPrefabParent: 0
--- !u!1001 &866698370
Prefab:
  m_ObjectHideFlags: 0
  serializedVersion: 2
  m_Modification:
    m_TransformParent: {fileID: 918824420}
    m_Modifications:
    - target: {fileID: 478766, guid: 00ac1703caaf9c34a99fb4c0b6297700, type: 2}
      propertyPath: m_LocalPosition.x
      value: 5.17
      objectReference: {fileID: 0}
    - target: {fileID: 478766, guid: 00ac1703caaf9c34a99fb4c0b6297700, type: 2}
      propertyPath: m_LocalPosition.y
      value: 0.97
      objectReference: {fileID: 0}
    - target: {fileID: 478766, guid: 00ac1703caaf9c34a99fb4c0b6297700, type: 2}
      propertyPath: m_LocalPosition.z
      value: 1.6
      objectReference: {fileID: 0}
    - target: {fileID: 478766, guid: 00ac1703caaf9c34a99fb4c0b6297700, type: 2}
      propertyPath: m_LocalRotation.x
      value: -0.49991354
      objectReference: {fileID: 0}
    - target: {fileID: 478766, guid: 00ac1703caaf9c34a99fb4c0b6297700, type: 2}
      propertyPath: m_LocalRotation.y
      value: 0.5000864
      objectReference: {fileID: 0}
    - target: {fileID: 478766, guid: 00ac1703caaf9c34a99fb4c0b6297700, type: 2}
      propertyPath: m_LocalRotation.z
      value: 0.49991363
      objectReference: {fileID: 0}
    - target: {fileID: 478766, guid: 00ac1703caaf9c34a99fb4c0b6297700, type: 2}
      propertyPath: m_LocalRotation.w
      value: 0.50008637
      objectReference: {fileID: 0}
    - target: {fileID: 478766, guid: 00ac1703caaf9c34a99fb4c0b6297700, type: 2}
      propertyPath: m_RootOrder
      value: 3
      objectReference: {fileID: 0}
    - target: {fileID: 478766, guid: 00ac1703caaf9c34a99fb4c0b6297700, type: 2}
      propertyPath: m_LocalScale.z
      value: 125
      objectReference: {fileID: 0}
    - target: {fileID: 182610, guid: 00ac1703caaf9c34a99fb4c0b6297700, type: 2}
      propertyPath: m_Name
      value: Star (1)
      objectReference: {fileID: 0}
    - target: {fileID: 478766, guid: 00ac1703caaf9c34a99fb4c0b6297700, type: 2}
      propertyPath: m_LocalScale.y
      value: 124.999985
      objectReference: {fileID: 0}
    m_RemovedComponents: []
  m_ParentPrefab: {fileID: 100100000, guid: 00ac1703caaf9c34a99fb4c0b6297700, type: 2}
  m_IsPrefabParent: 0
--- !u!1001 &871525232
Prefab:
  m_ObjectHideFlags: 0
  serializedVersion: 2
  m_Modification:
    m_TransformParent: {fileID: 1142401265}
    m_Modifications:
    - target: {fileID: 492576, guid: efca12e89e9d99540b62f26179c8f61f, type: 2}
      propertyPath: m_LocalPosition.x
      value: -5.14
      objectReference: {fileID: 0}
    - target: {fileID: 492576, guid: efca12e89e9d99540b62f26179c8f61f, type: 2}
      propertyPath: m_LocalPosition.y
      value: 0.9099997
      objectReference: {fileID: 0}
    - target: {fileID: 492576, guid: efca12e89e9d99540b62f26179c8f61f, type: 2}
      propertyPath: m_LocalPosition.z
      value: 4.9
      objectReference: {fileID: 0}
    - target: {fileID: 492576, guid: efca12e89e9d99540b62f26179c8f61f, type: 2}
      propertyPath: m_LocalRotation.x
      value: -0
      objectReference: {fileID: 0}
    - target: {fileID: 492576, guid: efca12e89e9d99540b62f26179c8f61f, type: 2}
      propertyPath: m_LocalRotation.y
      value: -0
      objectReference: {fileID: 0}
    - target: {fileID: 492576, guid: efca12e89e9d99540b62f26179c8f61f, type: 2}
      propertyPath: m_LocalRotation.z
      value: -0
      objectReference: {fileID: 0}
    - target: {fileID: 492576, guid: efca12e89e9d99540b62f26179c8f61f, type: 2}
      propertyPath: m_LocalRotation.w
      value: 1
      objectReference: {fileID: 0}
    - target: {fileID: 492576, guid: efca12e89e9d99540b62f26179c8f61f, type: 2}
      propertyPath: m_RootOrder
      value: 2
      objectReference: {fileID: 0}
    - target: {fileID: 173666, guid: efca12e89e9d99540b62f26179c8f61f, type: 2}
      propertyPath: m_Name
      value: gem (84)
      objectReference: {fileID: 0}
    - target: {fileID: 173666, guid: efca12e89e9d99540b62f26179c8f61f, type: 2}
      propertyPath: m_IsActive
      value: 1
      objectReference: {fileID: 0}
    - target: {fileID: 0}
      propertyPath: m_CollisionDetection
      value: 1
      objectReference: {fileID: 0}
    - target: {fileID: 13580338, guid: efca12e89e9d99540b62f26179c8f61f, type: 2}
      propertyPath: m_Material
      value: 
      objectReference: {fileID: 0}
    - target: {fileID: 11481554, guid: efca12e89e9d99540b62f26179c8f61f, type: 2}
      propertyPath: m_Enabled
      value: 1
      objectReference: {fileID: 0}
    - target: {fileID: 0}
      propertyPath: m_UseGravity
      value: 0
      objectReference: {fileID: 0}
    - target: {fileID: 0}
      propertyPath: m_Enabled
      value: 0
      objectReference: {fileID: 0}
    - target: {fileID: 2338692, guid: efca12e89e9d99540b62f26179c8f61f, type: 2}
      propertyPath: m_MotionVectors
      value: 2
      objectReference: {fileID: 0}
    - target: {fileID: 2338692, guid: efca12e89e9d99540b62f26179c8f61f, type: 2}
      propertyPath: m_CastShadows
      value: 0
      objectReference: {fileID: 0}
    - target: {fileID: 2338692, guid: efca12e89e9d99540b62f26179c8f61f, type: 2}
      propertyPath: m_ReceiveShadows
      value: 0
      objectReference: {fileID: 0}
    - target: {fileID: 2338692, guid: efca12e89e9d99540b62f26179c8f61f, type: 2}
      propertyPath: m_Enabled
      value: 1
      objectReference: {fileID: 0}
    - target: {fileID: 2338692, guid: efca12e89e9d99540b62f26179c8f61f, type: 2}
      propertyPath: m_Materials.Array.data[0]
      value: 
      objectReference: {fileID: 2100000, guid: baee97aa99b8ab440a7e470e4a52d293, type: 2}
    - target: {fileID: 13580338, guid: efca12e89e9d99540b62f26179c8f61f, type: 2}
      propertyPath: m_Enabled
      value: 1
      objectReference: {fileID: 0}
    m_RemovedComponents:
    - {fileID: 0}
  m_ParentPrefab: {fileID: 100100000, guid: efca12e89e9d99540b62f26179c8f61f, type: 2}
  m_IsPrefabParent: 0
--- !u!4 &918824420 stripped
Transform:
  m_PrefabParentObject: {fileID: 489858, guid: 8eae31055672e93428329dedfead72e8, type: 2}
  m_PrefabInternal: {fileID: 1703868769}
--- !u!1 &921494315 stripped
GameObject:
  m_PrefabParentObject: {fileID: 173666, guid: efca12e89e9d99540b62f26179c8f61f, type: 2}
  m_PrefabInternal: {fileID: 1309684345}
--- !u!54 &921494317
Rigidbody:
  m_ObjectHideFlags: 0
  m_PrefabParentObject: {fileID: 0}
  m_PrefabInternal: {fileID: 0}
  m_GameObject: {fileID: 921494315}
  serializedVersion: 2
  m_Mass: 0.1
  m_Drag: 0
  m_AngularDrag: 1.28
  m_UseGravity: 0
  m_IsKinematic: 0
  m_Interpolate: 0
  m_Constraints: 14
  m_CollisionDetection: 1
--- !u!1001 &1113272164
Prefab:
  m_ObjectHideFlags: 0
  serializedVersion: 2
  m_Modification:
    m_TransformParent: {fileID: 0}
    m_Modifications:
    - target: {fileID: 488542, guid: a856ef0cc8dece7428bb9be389f12dbb, type: 2}
      propertyPath: m_LocalPosition.x
      value: -0.058403924
      objectReference: {fileID: 0}
    - target: {fileID: 488542, guid: a856ef0cc8dece7428bb9be389f12dbb, type: 2}
      propertyPath: m_LocalPosition.y
      value: 0.9446289
      objectReference: {fileID: 0}
    - target: {fileID: 488542, guid: a856ef0cc8dece7428bb9be389f12dbb, type: 2}
      propertyPath: m_LocalPosition.z
      value: 90
      objectReference: {fileID: 0}
    - target: {fileID: 488542, guid: a856ef0cc8dece7428bb9be389f12dbb, type: 2}
      propertyPath: m_LocalRotation.x
      value: 0
      objectReference: {fileID: 0}
    - target: {fileID: 488542, guid: a856ef0cc8dece7428bb9be389f12dbb, type: 2}
      propertyPath: m_LocalRotation.y
      value: 0
      objectReference: {fileID: 0}
    - target: {fileID: 488542, guid: a856ef0cc8dece7428bb9be389f12dbb, type: 2}
      propertyPath: m_LocalRotation.z
      value: 0
      objectReference: {fileID: 0}
    - target: {fileID: 488542, guid: a856ef0cc8dece7428bb9be389f12dbb, type: 2}
      propertyPath: m_LocalRotation.w
      value: 1
      objectReference: {fileID: 0}
    - target: {fileID: 488542, guid: a856ef0cc8dece7428bb9be389f12dbb, type: 2}
      propertyPath: m_RootOrder
      value: 1
      objectReference: {fileID: 0}
    m_RemovedComponents: []
  m_ParentPrefab: {fileID: 100100000, guid: a856ef0cc8dece7428bb9be389f12dbb, type: 2}
  m_IsPrefabParent: 0
--- !u!4 &1142401265 stripped
Transform:
  m_PrefabParentObject: {fileID: 454612, guid: 8eae31055672e93428329dedfead72e8, type: 2}
  m_PrefabInternal: {fileID: 1703868769}
--- !u!1001 &1309684345
Prefab:
  m_ObjectHideFlags: 0
  serializedVersion: 2
  m_Modification:
    m_TransformParent: {fileID: 1142401265}
    m_Modifications:
    - target: {fileID: 492576, guid: efca12e89e9d99540b62f26179c8f61f, type: 2}
      propertyPath: m_LocalPosition.x
      value: 1.05
      objectReference: {fileID: 0}
    - target: {fileID: 492576, guid: efca12e89e9d99540b62f26179c8f61f, type: 2}
      propertyPath: m_LocalPosition.y
      value: 0.9099997
      objectReference: {fileID: 0}
    - target: {fileID: 492576, guid: efca12e89e9d99540b62f26179c8f61f, type: 2}
      propertyPath: m_LocalPosition.z
      value: 0.96000004
      objectReference: {fileID: 0}
    - target: {fileID: 492576, guid: efca12e89e9d99540b62f26179c8f61f, type: 2}
      propertyPath: m_LocalRotation.x
      value: -0
      objectReference: {fileID: 0}
    - target: {fileID: 492576, guid: efca12e89e9d99540b62f26179c8f61f, type: 2}
      propertyPath: m_LocalRotation.y
      value: -0
      objectReference: {fileID: 0}
    - target: {fileID: 492576, guid: efca12e89e9d99540b62f26179c8f61f, type: 2}
      propertyPath: m_LocalRotation.z
      value: -0
      objectReference: {fileID: 0}
    - target: {fileID: 492576, guid: efca12e89e9d99540b62f26179c8f61f, type: 2}
      propertyPath: m_LocalRotation.w
      value: 1
      objectReference: {fileID: 0}
    - target: {fileID: 492576, guid: efca12e89e9d99540b62f26179c8f61f, type: 2}
      propertyPath: m_RootOrder
      value: 4
      objectReference: {fileID: 0}
    - target: {fileID: 173666, guid: efca12e89e9d99540b62f26179c8f61f, type: 2}
      propertyPath: m_Name
      value: gem (86)
      objectReference: {fileID: 0}
    - target: {fileID: 173666, guid: efca12e89e9d99540b62f26179c8f61f, type: 2}
      propertyPath: m_IsActive
      value: 1
      objectReference: {fileID: 0}
    - target: {fileID: 0}
      propertyPath: m_CollisionDetection
      value: 1
      objectReference: {fileID: 0}
    - target: {fileID: 13580338, guid: efca12e89e9d99540b62f26179c8f61f, type: 2}
      propertyPath: m_Material
      value: 
      objectReference: {fileID: 0}
    - target: {fileID: 11481554, guid: efca12e89e9d99540b62f26179c8f61f, type: 2}
      propertyPath: m_Enabled
      value: 1
      objectReference: {fileID: 0}
    - target: {fileID: 0}
      propertyPath: m_UseGravity
      value: 0
      objectReference: {fileID: 0}
    - target: {fileID: 0}
      propertyPath: m_Enabled
      value: 0
      objectReference: {fileID: 0}
    - target: {fileID: 2338692, guid: efca12e89e9d99540b62f26179c8f61f, type: 2}
      propertyPath: m_MotionVectors
      value: 2
      objectReference: {fileID: 0}
    - target: {fileID: 2338692, guid: efca12e89e9d99540b62f26179c8f61f, type: 2}
      propertyPath: m_CastShadows
      value: 0
      objectReference: {fileID: 0}
    - target: {fileID: 2338692, guid: efca12e89e9d99540b62f26179c8f61f, type: 2}
      propertyPath: m_ReceiveShadows
      value: 0
      objectReference: {fileID: 0}
    - target: {fileID: 2338692, guid: efca12e89e9d99540b62f26179c8f61f, type: 2}
      propertyPath: m_Enabled
      value: 1
      objectReference: {fileID: 0}
    - target: {fileID: 2338692, guid: efca12e89e9d99540b62f26179c8f61f, type: 2}
      propertyPath: m_Materials.Array.data[0]
      value: 
      objectReference: {fileID: 2100000, guid: baee97aa99b8ab440a7e470e4a52d293, type: 2}
    - target: {fileID: 13580338, guid: efca12e89e9d99540b62f26179c8f61f, type: 2}
      propertyPath: m_Enabled
      value: 1
      objectReference: {fileID: 0}
    m_RemovedComponents:
    - {fileID: 0}
  m_ParentPrefab: {fileID: 100100000, guid: efca12e89e9d99540b62f26179c8f61f, type: 2}
  m_IsPrefabParent: 0
--- !u!1001 &1336831312
Prefab:
  m_ObjectHideFlags: 0
  serializedVersion: 2
  m_Modification:
    m_TransformParent: {fileID: 1142401265}
    m_Modifications:
    - target: {fileID: 492576, guid: efca12e89e9d99540b62f26179c8f61f, type: 2}
      propertyPath: m_LocalPosition.x
      value: -4.43
      objectReference: {fileID: 0}
    - target: {fileID: 492576, guid: efca12e89e9d99540b62f26179c8f61f, type: 2}
      propertyPath: m_LocalPosition.y
      value: 0.9099997
      objectReference: {fileID: 0}
    - target: {fileID: 492576, guid: efca12e89e9d99540b62f26179c8f61f, type: 2}
      propertyPath: m_LocalPosition.z
      value: -4.67
      objectReference: {fileID: 0}
    - target: {fileID: 492576, guid: efca12e89e9d99540b62f26179c8f61f, type: 2}
      propertyPath: m_LocalRotation.x
      value: -0
      objectReference: {fileID: 0}
    - target: {fileID: 492576, guid: efca12e89e9d99540b62f26179c8f61f, type: 2}
      propertyPath: m_LocalRotation.y
      value: -0
      objectReference: {fileID: 0}
    - target: {fileID: 492576, guid: efca12e89e9d99540b62f26179c8f61f, type: 2}
      propertyPath: m_LocalRotation.z
      value: -0
      objectReference: {fileID: 0}
    - target: {fileID: 492576, guid: efca12e89e9d99540b62f26179c8f61f, type: 2}
      propertyPath: m_LocalRotation.w
      value: 1
      objectReference: {fileID: 0}
    - target: {fileID: 492576, guid: efca12e89e9d99540b62f26179c8f61f, type: 2}
      propertyPath: m_RootOrder
      value: 10
      objectReference: {fileID: 0}
    - target: {fileID: 173666, guid: efca12e89e9d99540b62f26179c8f61f, type: 2}
      propertyPath: m_Name
      value: gem (92)
      objectReference: {fileID: 0}
    - target: {fileID: 173666, guid: efca12e89e9d99540b62f26179c8f61f, type: 2}
      propertyPath: m_IsActive
      value: 1
      objectReference: {fileID: 0}
    - target: {fileID: 0}
      propertyPath: m_CollisionDetection
      value: 1
      objectReference: {fileID: 0}
    - target: {fileID: 13580338, guid: efca12e89e9d99540b62f26179c8f61f, type: 2}
      propertyPath: m_Material
      value: 
      objectReference: {fileID: 0}
    - target: {fileID: 11481554, guid: efca12e89e9d99540b62f26179c8f61f, type: 2}
      propertyPath: m_Enabled
      value: 1
      objectReference: {fileID: 0}
    - target: {fileID: 0}
      propertyPath: m_UseGravity
      value: 0
      objectReference: {fileID: 0}
    - target: {fileID: 0}
      propertyPath: m_Enabled
      value: 0
      objectReference: {fileID: 0}
    - target: {fileID: 2338692, guid: efca12e89e9d99540b62f26179c8f61f, type: 2}
      propertyPath: m_MotionVectors
      value: 2
      objectReference: {fileID: 0}
    - target: {fileID: 2338692, guid: efca12e89e9d99540b62f26179c8f61f, type: 2}
      propertyPath: m_CastShadows
      value: 0
      objectReference: {fileID: 0}
    - target: {fileID: 2338692, guid: efca12e89e9d99540b62f26179c8f61f, type: 2}
      propertyPath: m_ReceiveShadows
      value: 0
      objectReference: {fileID: 0}
    - target: {fileID: 2338692, guid: efca12e89e9d99540b62f26179c8f61f, type: 2}
      propertyPath: m_Enabled
      value: 1
      objectReference: {fileID: 0}
    - target: {fileID: 2338692, guid: efca12e89e9d99540b62f26179c8f61f, type: 2}
      propertyPath: m_Materials.Array.data[0]
      value: 
      objectReference: {fileID: 2100000, guid: baee97aa99b8ab440a7e470e4a52d293, type: 2}
    - target: {fileID: 13580338, guid: efca12e89e9d99540b62f26179c8f61f, type: 2}
      propertyPath: m_Enabled
      value: 1
      objectReference: {fileID: 0}
    m_RemovedComponents:
    - {fileID: 0}
  m_ParentPrefab: {fileID: 100100000, guid: efca12e89e9d99540b62f26179c8f61f, type: 2}
  m_IsPrefabParent: 0
--- !u!1001 &1527231390
Prefab:
  m_ObjectHideFlags: 0
  serializedVersion: 2
  m_Modification:
    m_TransformParent: {fileID: 1142401265}
    m_Modifications:
    - target: {fileID: 492576, guid: efca12e89e9d99540b62f26179c8f61f, type: 2}
      propertyPath: m_LocalPosition.x
      value: 1.05
      objectReference: {fileID: 0}
    - target: {fileID: 492576, guid: efca12e89e9d99540b62f26179c8f61f, type: 2}
      propertyPath: m_LocalPosition.y
      value: 0.9099997
      objectReference: {fileID: 0}
    - target: {fileID: 492576, guid: efca12e89e9d99540b62f26179c8f61f, type: 2}
      propertyPath: m_LocalPosition.z
      value: -1.1800003
      objectReference: {fileID: 0}
    - target: {fileID: 492576, guid: efca12e89e9d99540b62f26179c8f61f, type: 2}
      propertyPath: m_LocalRotation.x
      value: -0
      objectReference: {fileID: 0}
    - target: {fileID: 492576, guid: efca12e89e9d99540b62f26179c8f61f, type: 2}
      propertyPath: m_LocalRotation.y
      value: -0
      objectReference: {fileID: 0}
    - target: {fileID: 492576, guid: efca12e89e9d99540b62f26179c8f61f, type: 2}
      propertyPath: m_LocalRotation.z
      value: -0
      objectReference: {fileID: 0}
    - target: {fileID: 492576, guid: efca12e89e9d99540b62f26179c8f61f, type: 2}
      propertyPath: m_LocalRotation.w
      value: 1
      objectReference: {fileID: 0}
    - target: {fileID: 492576, guid: efca12e89e9d99540b62f26179c8f61f, type: 2}
      propertyPath: m_RootOrder
      value: 3
      objectReference: {fileID: 0}
    - target: {fileID: 173666, guid: efca12e89e9d99540b62f26179c8f61f, type: 2}
      propertyPath: m_Name
      value: gem (85)
      objectReference: {fileID: 0}
    - target: {fileID: 173666, guid: efca12e89e9d99540b62f26179c8f61f, type: 2}
      propertyPath: m_IsActive
      value: 1
      objectReference: {fileID: 0}
    - target: {fileID: 0}
      propertyPath: m_CollisionDetection
      value: 1
      objectReference: {fileID: 0}
    - target: {fileID: 13580338, guid: efca12e89e9d99540b62f26179c8f61f, type: 2}
      propertyPath: m_Material
      value: 
      objectReference: {fileID: 0}
    - target: {fileID: 11481554, guid: efca12e89e9d99540b62f26179c8f61f, type: 2}
      propertyPath: m_Enabled
      value: 1
      objectReference: {fileID: 0}
    - target: {fileID: 0}
      propertyPath: m_UseGravity
      value: 0
      objectReference: {fileID: 0}
    - target: {fileID: 0}
      propertyPath: m_Enabled
      value: 0
      objectReference: {fileID: 0}
    - target: {fileID: 2338692, guid: efca12e89e9d99540b62f26179c8f61f, type: 2}
      propertyPath: m_MotionVectors
      value: 2
      objectReference: {fileID: 0}
    - target: {fileID: 2338692, guid: efca12e89e9d99540b62f26179c8f61f, type: 2}
      propertyPath: m_CastShadows
      value: 0
      objectReference: {fileID: 0}
    - target: {fileID: 2338692, guid: efca12e89e9d99540b62f26179c8f61f, type: 2}
      propertyPath: m_ReceiveShadows
      value: 0
      objectReference: {fileID: 0}
    - target: {fileID: 2338692, guid: efca12e89e9d99540b62f26179c8f61f, type: 2}
      propertyPath: m_Enabled
      value: 1
      objectReference: {fileID: 0}
    - target: {fileID: 2338692, guid: efca12e89e9d99540b62f26179c8f61f, type: 2}
      propertyPath: m_Materials.Array.data[0]
      value: 
      objectReference: {fileID: 2100000, guid: baee97aa99b8ab440a7e470e4a52d293, type: 2}
    - target: {fileID: 13580338, guid: efca12e89e9d99540b62f26179c8f61f, type: 2}
      propertyPath: m_Enabled
      value: 1
      objectReference: {fileID: 0}
    m_RemovedComponents:
    - {fileID: 0}
  m_ParentPrefab: {fileID: 100100000, guid: efca12e89e9d99540b62f26179c8f61f, type: 2}
  m_IsPrefabParent: 0
--- !u!1 &1552566250 stripped
GameObject:
  m_PrefabParentObject: {fileID: 173666, guid: efca12e89e9d99540b62f26179c8f61f, type: 2}
  m_PrefabInternal: {fileID: 1573940227}
--- !u!54 &1552566252
Rigidbody:
  m_ObjectHideFlags: 0
  m_PrefabParentObject: {fileID: 0}
  m_PrefabInternal: {fileID: 0}
  m_GameObject: {fileID: 1552566250}
  serializedVersion: 2
  m_Mass: 0.1
  m_Drag: 0
  m_AngularDrag: 1.28
  m_UseGravity: 0
  m_IsKinematic: 0
  m_Interpolate: 0
  m_Constraints: 14
  m_CollisionDetection: 1
--- !u!1001 &1573940227
Prefab:
  m_ObjectHideFlags: 0
  serializedVersion: 2
  m_Modification:
    m_TransformParent: {fileID: 1142401265}
    m_Modifications:
    - target: {fileID: 492576, guid: efca12e89e9d99540b62f26179c8f61f, type: 2}
      propertyPath: m_LocalPosition.x
      value: -1.05
      objectReference: {fileID: 0}
    - target: {fileID: 492576, guid: efca12e89e9d99540b62f26179c8f61f, type: 2}
      propertyPath: m_LocalPosition.y
      value: 0.9099997
      objectReference: {fileID: 0}
    - target: {fileID: 492576, guid: efca12e89e9d99540b62f26179c8f61f, type: 2}
      propertyPath: m_LocalPosition.z
      value: -1.18
      objectReference: {fileID: 0}
    - target: {fileID: 492576, guid: efca12e89e9d99540b62f26179c8f61f, type: 2}
      propertyPath: m_LocalRotation.x
      value: -0
      objectReference: {fileID: 0}
    - target: {fileID: 492576, guid: efca12e89e9d99540b62f26179c8f61f, type: 2}
      propertyPath: m_LocalRotation.y
      value: -0
      objectReference: {fileID: 0}
    - target: {fileID: 492576, guid: efca12e89e9d99540b62f26179c8f61f, type: 2}
      propertyPath: m_LocalRotation.z
      value: -0
      objectReference: {fileID: 0}
    - target: {fileID: 492576, guid: efca12e89e9d99540b62f26179c8f61f, type: 2}
      propertyPath: m_LocalRotation.w
      value: 1
      objectReference: {fileID: 0}
    - target: {fileID: 492576, guid: efca12e89e9d99540b62f26179c8f61f, type: 2}
      propertyPath: m_RootOrder
      value: 0
      objectReference: {fileID: 0}
    - target: {fileID: 173666, guid: efca12e89e9d99540b62f26179c8f61f, type: 2}
      propertyPath: m_Name
      value: gem (82)
      objectReference: {fileID: 0}
    - target: {fileID: 173666, guid: efca12e89e9d99540b62f26179c8f61f, type: 2}
      propertyPath: m_IsActive
      value: 1
      objectReference: {fileID: 0}
    - target: {fileID: 0}
      propertyPath: m_CollisionDetection
      value: 1
      objectReference: {fileID: 0}
    - target: {fileID: 13580338, guid: efca12e89e9d99540b62f26179c8f61f, type: 2}
      propertyPath: m_Material
      value: 
      objectReference: {fileID: 0}
    - target: {fileID: 11481554, guid: efca12e89e9d99540b62f26179c8f61f, type: 2}
      propertyPath: m_Enabled
      value: 1
      objectReference: {fileID: 0}
    - target: {fileID: 0}
      propertyPath: m_UseGravity
      value: 0
      objectReference: {fileID: 0}
    - target: {fileID: 0}
      propertyPath: m_Enabled
      value: 0
      objectReference: {fileID: 0}
    - target: {fileID: 2338692, guid: efca12e89e9d99540b62f26179c8f61f, type: 2}
      propertyPath: m_MotionVectors
      value: 2
      objectReference: {fileID: 0}
    - target: {fileID: 2338692, guid: efca12e89e9d99540b62f26179c8f61f, type: 2}
      propertyPath: m_CastShadows
      value: 0
      objectReference: {fileID: 0}
    - target: {fileID: 2338692, guid: efca12e89e9d99540b62f26179c8f61f, type: 2}
      propertyPath: m_ReceiveShadows
      value: 0
      objectReference: {fileID: 0}
    - target: {fileID: 2338692, guid: efca12e89e9d99540b62f26179c8f61f, type: 2}
      propertyPath: m_Enabled
      value: 1
      objectReference: {fileID: 0}
    - target: {fileID: 2338692, guid: efca12e89e9d99540b62f26179c8f61f, type: 2}
      propertyPath: m_Materials.Array.data[0]
      value: 
      objectReference: {fileID: 2100000, guid: baee97aa99b8ab440a7e470e4a52d293, type: 2}
    - target: {fileID: 13580338, guid: efca12e89e9d99540b62f26179c8f61f, type: 2}
      propertyPath: m_Enabled
      value: 1
      objectReference: {fileID: 0}
    m_RemovedComponents:
    - {fileID: 0}
  m_ParentPrefab: {fileID: 100100000, guid: efca12e89e9d99540b62f26179c8f61f, type: 2}
  m_IsPrefabParent: 0
--- !u!1001 &1703868769
Prefab:
  m_ObjectHideFlags: 0
  serializedVersion: 2
  m_Modification:
    m_TransformParent: {fileID: 0}
    m_Modifications:
    - target: {fileID: 451616, guid: 8eae31055672e93428329dedfead72e8, type: 2}
      propertyPath: m_LocalPosition.x
      value: -16.808594
      objectReference: {fileID: 0}
    - target: {fileID: 451616, guid: 8eae31055672e93428329dedfead72e8, type: 2}
      propertyPath: m_LocalPosition.y
      value: 14.796875
      objectReference: {fileID: 0}
    - target: {fileID: 451616, guid: 8eae31055672e93428329dedfead72e8, type: 2}
      propertyPath: m_LocalPosition.z
      value: 1.1357422
      objectReference: {fileID: 0}
    - target: {fileID: 451616, guid: 8eae31055672e93428329dedfead72e8, type: 2}
      propertyPath: m_LocalRotation.x
      value: 0
      objectReference: {fileID: 0}
    - target: {fileID: 451616, guid: 8eae31055672e93428329dedfead72e8, type: 2}
      propertyPath: m_LocalRotation.y
      value: 0
      objectReference: {fileID: 0}
    - target: {fileID: 451616, guid: 8eae31055672e93428329dedfead72e8, type: 2}
      propertyPath: m_LocalRotation.z
      value: 0
      objectReference: {fileID: 0}
    - target: {fileID: 451616, guid: 8eae31055672e93428329dedfead72e8, type: 2}
      propertyPath: m_LocalRotation.w
      value: 1
      objectReference: {fileID: 0}
    - target: {fileID: 451616, guid: 8eae31055672e93428329dedfead72e8, type: 2}
      propertyPath: m_RootOrder
      value: 0
      objectReference: {fileID: 0}
    - target: {fileID: 179258, guid: 8eae31055672e93428329dedfead72e8, type: 2}
      propertyPath: m_IsActive
      value: 1
      objectReference: {fileID: 0}
    - target: {fileID: 11460500, guid: 8eae31055672e93428329dedfead72e8, type: 2}
      propertyPath: time_before_start
      value: 0
      objectReference: {fileID: 0}
    - target: {fileID: 8241566, guid: 8eae31055672e93428329dedfead72e8, type: 2}
      propertyPath: m_audioClip
      value: 
      objectReference: {fileID: 8300000, guid: a745fd2121998dd4bba1a23fc2656047, type: 3}
    - target: {fileID: 446214, guid: 8eae31055672e93428329dedfead72e8, type: 2}
      propertyPath: m_LocalPosition.x
      value: 5.97
      objectReference: {fileID: 0}
    - target: {fileID: 446214, guid: 8eae31055672e93428329dedfead72e8, type: 2}
      propertyPath: m_LocalPosition.y
      value: 13.21
      objectReference: {fileID: 0}
    - target: {fileID: 131930, guid: 8eae31055672e93428329dedfead72e8, type: 2}
      propertyPath: m_IsActive
      value: 0
      objectReference: {fileID: 0}
    - target: {fileID: 423872, guid: 8eae31055672e93428329dedfead72e8, type: 2}
      propertyPath: m_LocalPosition.x
      value: 11.73
      objectReference: {fileID: 0}
    - target: {fileID: 8241566, guid: 8eae31055672e93428329dedfead72e8, type: 2}
      propertyPath: Loop
      value: 1
      objectReference: {fileID: 0}
    - target: {fileID: 423872, guid: 8eae31055672e93428329dedfead72e8, type: 2}
      propertyPath: m_LocalPosition.z
      value: 7.29
      objectReference: {fileID: 0}
    - target: {fileID: 436642, guid: 8eae31055672e93428329dedfead72e8, type: 2}
      propertyPath: m_LocalPosition.z
      value: 0.018
      objectReference: {fileID: 0}
    - target: {fileID: 487128, guid: 8eae31055672e93428329dedfead72e8, type: 2}
      propertyPath: m_LocalPosition.z
      value: -0
      objectReference: {fileID: 0}
    - target: {fileID: 436642, guid: 8eae31055672e93428329dedfead72e8, type: 2}
      propertyPath: m_LocalPosition.x
      value: 6.142
      objectReference: {fileID: 0}
    - target: {fileID: 487128, guid: 8eae31055672e93428329dedfead72e8, type: 2}
      propertyPath: m_LocalPosition.x
      value: 0.04
      objectReference: {fileID: 0}
    - target: {fileID: 11411018, guid: 8eae31055672e93428329dedfead72e8, type: 2}
      propertyPath: speed
      value: 8000
      objectReference: {fileID: 0}
    - target: {fileID: 124044, guid: 8eae31055672e93428329dedfead72e8, type: 2}
      propertyPath: m_IsActive
      value: 0
      objectReference: {fileID: 0}
    - target: {fileID: 10863616, guid: 8eae31055672e93428329dedfead72e8, type: 2}
      propertyPath: m_Intensity
      value: 1.94
      objectReference: {fileID: 0}
    - target: {fileID: 128392, guid: 8eae31055672e93428329dedfead72e8, type: 2}
      propertyPath: m_IsActive
      value: 1
      objectReference: {fileID: 0}
    - target: {fileID: 10863616, guid: 8eae31055672e93428329dedfead72e8, type: 2}
      propertyPath: m_BounceIntensity
      value: 0
      objectReference: {fileID: 0}
    - target: {fileID: 459818, guid: 8eae31055672e93428329dedfead72e8, type: 2}
      propertyPath: m_LocalRotation.x
      value: 0.42810327
      objectReference: {fileID: 0}
    - target: {fileID: 459818, guid: 8eae31055672e93428329dedfead72e8, type: 2}
      propertyPath: m_LocalRotation.y
      value: -0.5063778
      objectReference: {fileID: 0}
    - target: {fileID: 459818, guid: 8eae31055672e93428329dedfead72e8, type: 2}
      propertyPath: m_LocalRotation.z
      value: 0.43088067
      objectReference: {fileID: 0}
    - target: {fileID: 459818, guid: 8eae31055672e93428329dedfead72e8, type: 2}
      propertyPath: m_LocalRotation.w
      value: 0.6120874
      objectReference: {fileID: 0}
    - target: {fileID: 459818, guid: 8eae31055672e93428329dedfead72e8, type: 2}
      propertyPath: m_LocalEulerAnglesHint.x
      value: 106.168
      objectReference: {fileID: 0}
    - target: {fileID: 459818, guid: 8eae31055672e93428329dedfead72e8, type: 2}
      propertyPath: m_LocalEulerAnglesHint.y
      value: -244.331
      objectReference: {fileID: 0}
    - target: {fileID: 459818, guid: 8eae31055672e93428329dedfead72e8, type: 2}
      propertyPath: m_LocalEulerAnglesHint.z
      value: -160.29
      objectReference: {fileID: 0}
    - target: {fileID: 11424516, guid: 8eae31055672e93428329dedfead72e8, type: 2}
      propertyPath: m_Enabled
      value: 1
      objectReference: {fileID: 0}
    - target: {fileID: 11408004, guid: 8eae31055672e93428329dedfead72e8, type: 2}
      propertyPath: m_Enabled
      value: 1
      objectReference: {fileID: 0}
    - target: {fileID: 454612, guid: 8eae31055672e93428329dedfead72e8, type: 2}
      propertyPath: m_LocalPosition.y
      value: -0.34
      objectReference: {fileID: 0}
    - target: {fileID: 400890, guid: 8eae31055672e93428329dedfead72e8, type: 2}
      propertyPath: m_LocalPosition.y
      value: -0.13
      objectReference: {fileID: 0}
    - target: {fileID: 429268, guid: 8eae31055672e93428329dedfead72e8, type: 2}
      propertyPath: m_LocalPosition.y
      value: 0.64
      objectReference: {fileID: 0}
    - target: {fileID: 400890, guid: 8eae31055672e93428329dedfead72e8, type: 2}
      propertyPath: m_LocalPosition.z
      value: -6.25
      objectReference: {fileID: 0}
    - target: {fileID: 429268, guid: 8eae31055672e93428329dedfead72e8, type: 2}
      propertyPath: m_LocalPosition.z
      value: -6.25
      objectReference: {fileID: 0}
    - target: {fileID: 400890, guid: 8eae31055672e93428329dedfead72e8, type: 2}
      propertyPath: m_LocalPosition.x
      value: -6.1
      objectReference: {fileID: 0}
    - target: {fileID: 429268, guid: 8eae31055672e93428329dedfead72e8, type: 2}
      propertyPath: m_LocalPosition.x
      value: -6.1
      objectReference: {fileID: 0}
    - target: {fileID: 2050898, guid: 8eae31055672e93428329dedfead72e8, type: 2}
      propertyPath: m_ClearFlags
      value: 2
      objectReference: {fileID: 0}
    - target: {fileID: 446214, guid: 8eae31055672e93428329dedfead72e8, type: 2}
      propertyPath: m_LocalPosition.z
      value: 0.02
      objectReference: {fileID: 0}
    - target: {fileID: 2050898, guid: 8eae31055672e93428329dedfead72e8, type: 2}
      propertyPath: m_BackGroundColor.r
      value: 0.8882354
      objectReference: {fileID: 0}
    - target: {fileID: 2050898, guid: 8eae31055672e93428329dedfead72e8, type: 2}
      propertyPath: m_BackGroundColor.g
      value: 0.5735294
      objectReference: {fileID: 0}
    - target: {fileID: 2050898, guid: 8eae31055672e93428329dedfead72e8, type: 2}
      propertyPath: m_BackGroundColor.b
      value: 1
      objectReference: {fileID: 0}
    - target: {fileID: 10863616, guid: 8eae31055672e93428329dedfead72e8, type: 2}
      propertyPath: m_Color.r
      value: 1
      objectReference: {fileID: 0}
    - target: {fileID: 10863616, guid: 8eae31055672e93428329dedfead72e8, type: 2}
      propertyPath: m_Color.g
      value: 1
      objectReference: {fileID: 0}
    - target: {fileID: 10863616, guid: 8eae31055672e93428329dedfead72e8, type: 2}
      propertyPath: m_Color.b
      value: 1
      objectReference: {fileID: 0}
    - target: {fileID: 11429902, guid: 8eae31055672e93428329dedfead72e8, type: 2}
      propertyPath: m_Enabled
      value: 0
      objectReference: {fileID: 0}
    - target: {fileID: 11429902, guid: 8eae31055672e93428329dedfead72e8, type: 2}
      propertyPath: blurSize
      value: 0.25
      objectReference: {fileID: 0}
    - target: {fileID: 11429902, guid: 8eae31055672e93428329dedfead72e8, type: 2}
      propertyPath: intensity
      value: 0.1
      objectReference: {fileID: 0}
    - target: {fileID: 464790, guid: 8eae31055672e93428329dedfead72e8, type: 2}
      propertyPath: m_LocalRotation.x
      value: -0.22002335
      objectReference: {fileID: 0}
    - target: {fileID: 464790, guid: 8eae31055672e93428329dedfead72e8, type: 2}
      propertyPath: m_LocalRotation.y
      value: 0.5838532
      objectReference: {fileID: 0}
    - target: {fileID: 464790, guid: 8eae31055672e93428329dedfead72e8, type: 2}
      propertyPath: m_LocalRotation.z
      value: -0.74873763
      objectReference: {fileID: 0}
    - target: {fileID: 464790, guid: 8eae31055672e93428329dedfead72e8, type: 2}
      propertyPath: m_LocalRotation.w
      value: 0.2238242
      objectReference: {fileID: 0}
    - target: {fileID: 464790, guid: 8eae31055672e93428329dedfead72e8, type: 2}
      propertyPath: m_LocalEulerAnglesHint.x
      value: 50.879
      objectReference: {fileID: 0}
    - target: {fileID: 464790, guid: 8eae31055672e93428329dedfead72e8, type: 2}
      propertyPath: m_LocalEulerAnglesHint.y
      value: -290.543
      objectReference: {fileID: 0}
    - target: {fileID: 464790, guid: 8eae31055672e93428329dedfead72e8, type: 2}
      propertyPath: m_LocalEulerAnglesHint.z
      value: -470.216
      objectReference: {fileID: 0}
    - target: {fileID: 114714479859437746, guid: 8eae31055672e93428329dedfead72e8,
        type: 2}
      propertyPath: bigscale
      value: 2
      objectReference: {fileID: 0}
    - target: {fileID: 10826314, guid: 8eae31055672e93428329dedfead72e8, type: 2}
      propertyPath: m_Lightmapping
      value: 4
      objectReference: {fileID: 0}
    - target: {fileID: 10826314, guid: 8eae31055672e93428329dedfead72e8, type: 2}
      propertyPath: m_Color.r
      value: 1
      objectReference: {fileID: 0}
    - target: {fileID: 10826314, guid: 8eae31055672e93428329dedfead72e8, type: 2}
      propertyPath: m_Color.g
      value: 1
      objectReference: {fileID: 0}
    - target: {fileID: 10826314, guid: 8eae31055672e93428329dedfead72e8, type: 2}
      propertyPath: m_Color.b
      value: 1
      objectReference: {fileID: 0}
    - target: {fileID: 10826314, guid: 8eae31055672e93428329dedfead72e8, type: 2}
      propertyPath: m_BounceIntensity
      value: 0
      objectReference: {fileID: 0}
    - target: {fileID: 10826314, guid: 8eae31055672e93428329dedfead72e8, type: 2}
      propertyPath: m_Intensity
      value: 1.51
      objectReference: {fileID: 0}
    - target: {fileID: 446214, guid: 8eae31055672e93428329dedfead72e8, type: 2}
      propertyPath: m_LocalRotation.x
      value: 0.5004318
      objectReference: {fileID: 0}
    - target: {fileID: 446214, guid: 8eae31055672e93428329dedfead72e8, type: 2}
      propertyPath: m_LocalRotation.y
      value: 0.49956787
      objectReference: {fileID: 0}
    - target: {fileID: 446214, guid: 8eae31055672e93428329dedfead72e8, type: 2}
      propertyPath: m_LocalRotation.z
      value: -0.49956787
      objectReference: {fileID: 0}
    - target: {fileID: 446214, guid: 8eae31055672e93428329dedfead72e8, type: 2}
      propertyPath: m_LocalRotation.w
      value: 0.5004318
      objectReference: {fileID: 0}
    - target: {fileID: 446214, guid: 8eae31055672e93428329dedfead72e8, type: 2}
      propertyPath: m_LocalEulerAnglesHint.x
      value: 90
      objectReference: {fileID: 0}
    - target: {fileID: 423872, guid: 8eae31055672e93428329dedfead72e8, type: 2}
      propertyPath: m_LocalPosition.y
      value: -0.46
      objectReference: {fileID: 0}
    - target: {fileID: 423872, guid: 8eae31055672e93428329dedfead72e8, type: 2}
      propertyPath: m_RootOrder
      value: 5
      objectReference: {fileID: 0}
    - target: {fileID: 4063275761136994, guid: 8eae31055672e93428329dedfead72e8, type: 2}
      propertyPath: m_LocalPosition.x
      value: -1.32
      objectReference: {fileID: 0}
    - target: {fileID: 4063275761136994, guid: 8eae31055672e93428329dedfead72e8, type: 2}
      propertyPath: m_LocalPosition.y
      value: 0.97
      objectReference: {fileID: 0}
    - target: {fileID: 4063275761136994, guid: 8eae31055672e93428329dedfead72e8, type: 2}
      propertyPath: m_LocalPosition.z
      value: -4.25
      objectReference: {fileID: 0}
    - target: {fileID: 4063275761136994, guid: 8eae31055672e93428329dedfead72e8, type: 2}
      propertyPath: m_LocalScale.y
      value: 125
      objectReference: {fileID: 0}
    - target: {fileID: 4436219163213480, guid: 8eae31055672e93428329dedfead72e8, type: 2}
      propertyPath: m_RootOrder
      value: 11
      objectReference: {fileID: 0}
    - target: {fileID: 4436219163213480, guid: 8eae31055672e93428329dedfead72e8, type: 2}
      propertyPath: m_LocalPosition.x
      value: -5.700001
      objectReference: {fileID: 0}
    - target: {fileID: 4436219163213480, guid: 8eae31055672e93428329dedfead72e8, type: 2}
      propertyPath: m_LocalPosition.y
      value: 0.9099997
      objectReference: {fileID: 0}
    - target: {fileID: 4436219163213480, guid: 8eae31055672e93428329dedfead72e8, type: 2}
      propertyPath: m_LocalPosition.z
      value: -3.8199997
      objectReference: {fileID: 0}
    - target: {fileID: 10826314, guid: 8eae31055672e93428329dedfead72e8, type: 2}
      propertyPath: m_Shadows.m_Strength
      value: 0.04
      objectReference: {fileID: 0}
    - target: {fileID: 4353328838833486, guid: 8eae31055672e93428329dedfead72e8, type: 2}
      propertyPath: m_LocalPosition.z
      value: -52.1
      objectReference: {fileID: 0}
    - target: {fileID: 4353328838833486, guid: 8eae31055672e93428329dedfead72e8, type: 2}
      propertyPath: m_LocalPosition.y
      value: -93.7
      objectReference: {fileID: 0}
    - target: {fileID: 114533084066221512, guid: 8eae31055672e93428329dedfead72e8,
        type: 2}
      propertyPath: m_Text
      value: eXterminate
      objectReference: {fileID: 0}
    m_RemovedComponents: []
  m_ParentPrefab: {fileID: 100100000, guid: 8eae31055672e93428329dedfead72e8, type: 2}
  m_IsPrefabParent: 0
--- !u!1 &1842923825 stripped
GameObject:
  m_PrefabParentObject: {fileID: 173666, guid: efca12e89e9d99540b62f26179c8f61f, type: 2}
  m_PrefabInternal: {fileID: 145963101}
--- !u!54 &1842923827
Rigidbody:
  m_ObjectHideFlags: 0
  m_PrefabParentObject: {fileID: 0}
  m_PrefabInternal: {fileID: 0}
  m_GameObject: {fileID: 1842923825}
  serializedVersion: 2
  m_Mass: 0.1
  m_Drag: 0
  m_AngularDrag: 1.28
  m_UseGravity: 0
  m_IsKinematic: 0
  m_Interpolate: 0
  m_Constraints: 14
  m_CollisionDetection: 1
--- !u!1001 &1885525436
Prefab:
  m_ObjectHideFlags: 0
  serializedVersion: 2
  m_Modification:
    m_TransformParent: {fileID: 0}
    m_Modifications:
    - target: {fileID: 224357396863344178, guid: c7f1bedc1bc40e24cb70e3b31485f23b,
        type: 2}
      propertyPath: m_LocalPosition.x
      value: 0
      objectReference: {fileID: 0}
    - target: {fileID: 224357396863344178, guid: c7f1bedc1bc40e24cb70e3b31485f23b,
        type: 2}
      propertyPath: m_LocalPosition.y
      value: 0
      objectReference: {fileID: 0}
    - target: {fileID: 224357396863344178, guid: c7f1bedc1bc40e24cb70e3b31485f23b,
        type: 2}
      propertyPath: m_LocalPosition.z
      value: 90
      objectReference: {fileID: 0}
    - target: {fileID: 224357396863344178, guid: c7f1bedc1bc40e24cb70e3b31485f23b,
        type: 2}
      propertyPath: m_LocalRotation.x
      value: -0
      objectReference: {fileID: 0}
    - target: {fileID: 224357396863344178, guid: c7f1bedc1bc40e24cb70e3b31485f23b,
        type: 2}
      propertyPath: m_LocalRotation.y
      value: -0
      objectReference: {fileID: 0}
    - target: {fileID: 224357396863344178, guid: c7f1bedc1bc40e24cb70e3b31485f23b,
        type: 2}
      propertyPath: m_LocalRotation.z
      value: -0
      objectReference: {fileID: 0}
    - target: {fileID: 224357396863344178, guid: c7f1bedc1bc40e24cb70e3b31485f23b,
        type: 2}
      propertyPath: m_LocalRotation.w
      value: 1
      objectReference: {fileID: 0}
    - target: {fileID: 224357396863344178, guid: c7f1bedc1bc40e24cb70e3b31485f23b,
        type: 2}
      propertyPath: m_RootOrder
      value: 2
      objectReference: {fileID: 0}
    - target: {fileID: 224357396863344178, guid: c7f1bedc1bc40e24cb70e3b31485f23b,
        type: 2}
      propertyPath: m_AnchoredPosition.x
      value: 1286.8705
      objectReference: {fileID: 0}
    - target: {fileID: 224357396863344178, guid: c7f1bedc1bc40e24cb70e3b31485f23b,
        type: 2}
      propertyPath: m_AnchoredPosition.y
      value: 97.12228
      objectReference: {fileID: 0}
    - target: {fileID: 224357396863344178, guid: c7f1bedc1bc40e24cb70e3b31485f23b,
        type: 2}
      propertyPath: m_SizeDelta.x
      value: 100
      objectReference: {fileID: 0}
    - target: {fileID: 224357396863344178, guid: c7f1bedc1bc40e24cb70e3b31485f23b,
        type: 2}
      propertyPath: m_SizeDelta.y
      value: 100
      objectReference: {fileID: 0}
    - target: {fileID: 224357396863344178, guid: c7f1bedc1bc40e24cb70e3b31485f23b,
        type: 2}
      propertyPath: m_AnchorMin.x
      value: 0.5
      objectReference: {fileID: 0}
    - target: {fileID: 224357396863344178, guid: c7f1bedc1bc40e24cb70e3b31485f23b,
        type: 2}
      propertyPath: m_AnchorMin.y
      value: 0.5
      objectReference: {fileID: 0}
    - target: {fileID: 224357396863344178, guid: c7f1bedc1bc40e24cb70e3b31485f23b,
        type: 2}
      propertyPath: m_AnchorMax.x
      value: 0.5
      objectReference: {fileID: 0}
    - target: {fileID: 224357396863344178, guid: c7f1bedc1bc40e24cb70e3b31485f23b,
        type: 2}
      propertyPath: m_AnchorMax.y
      value: 0.5
      objectReference: {fileID: 0}
    - target: {fileID: 224357396863344178, guid: c7f1bedc1bc40e24cb70e3b31485f23b,
        type: 2}
      propertyPath: m_Pivot.x
      value: 0.5
      objectReference: {fileID: 0}
    - target: {fileID: 224357396863344178, guid: c7f1bedc1bc40e24cb70e3b31485f23b,
        type: 2}
      propertyPath: m_Pivot.y
      value: 0.5
      objectReference: {fileID: 0}
    m_RemovedComponents: []
  m_ParentPrefab: {fileID: 100100000, guid: c7f1bedc1bc40e24cb70e3b31485f23b, type: 2}
  m_IsPrefabParent: 0
--- !u!1001 &2122809787
Prefab:
  m_ObjectHideFlags: 0
  serializedVersion: 2
  m_Modification:
    m_TransformParent: {fileID: 918824420}
    m_Modifications:
    - target: {fileID: 400002, guid: f8fb8fa88f997614f881a5c4beca994f, type: 3}
      propertyPath: m_LocalPosition.x
      value: 0
      objectReference: {fileID: 0}
    - target: {fileID: 400002, guid: f8fb8fa88f997614f881a5c4beca994f, type: 3}
      propertyPath: m_LocalPosition.y
      value: 0
      objectReference: {fileID: 0}
    - target: {fileID: 400002, guid: f8fb8fa88f997614f881a5c4beca994f, type: 3}
      propertyPath: m_LocalPosition.z
      value: 0
      objectReference: {fileID: 0}
    - target: {fileID: 400002, guid: f8fb8fa88f997614f881a5c4beca994f, type: 3}
      propertyPath: m_LocalRotation.x
      value: 0
      objectReference: {fileID: 0}
    - target: {fileID: 400002, guid: f8fb8fa88f997614f881a5c4beca994f, type: 3}
      propertyPath: m_LocalRotation.y
      value: 0
      objectReference: {fileID: 0}
    - target: {fileID: 400002, guid: f8fb8fa88f997614f881a5c4beca994f, type: 3}
      propertyPath: m_LocalRotation.z
      value: 0
      objectReference: {fileID: 0}
    - target: {fileID: 400002, guid: f8fb8fa88f997614f881a5c4beca994f, type: 3}
      propertyPath: m_LocalRotation.w
      value: 1
      objectReference: {fileID: 0}
    - target: {fileID: 400002, guid: f8fb8fa88f997614f881a5c4beca994f, type: 3}
      propertyPath: m_RootOrder
      value: 4
      objectReference: {fileID: 0}
    - target: {fileID: 2300002, guid: f8fb8fa88f997614f881a5c4beca994f, type: 3}
      propertyPath: m_Materials.Array.data[0]
      value: 
      objectReference: {fileID: 2100000, guid: 26d0947618b1a5d4ea350de9b951d91d, type: 2}
    - target: {fileID: 2300010, guid: f8fb8fa88f997614f881a5c4beca994f, type: 3}
      propertyPath: m_Materials.Array.data[0]
      value: 
      objectReference: {fileID: 2100000, guid: bdbe704da0db351409f7ec5c63c7a055, type: 2}
    - target: {fileID: 2300010, guid: f8fb8fa88f997614f881a5c4beca994f, type: 3}
      propertyPath: m_Enabled
      value: 0
      objectReference: {fileID: 0}
    - target: {fileID: 2300008, guid: f8fb8fa88f997614f881a5c4beca994f, type: 3}
      propertyPath: m_Materials.Array.data[0]
      value: 
      objectReference: {fileID: 2100000, guid: bdbe704da0db351409f7ec5c63c7a055, type: 2}
    - target: {fileID: 2300006, guid: f8fb8fa88f997614f881a5c4beca994f, type: 3}
      propertyPath: m_Materials.Array.data[0]
      value: 
      objectReference: {fileID: 2100000, guid: bdbe704da0db351409f7ec5c63c7a055, type: 2}
    m_RemovedComponents:
    - {fileID: 2300000, guid: f8fb8fa88f997614f881a5c4beca994f, type: 3}
    - {fileID: 3300000, guid: f8fb8fa88f997614f881a5c4beca994f, type: 3}
    - {fileID: 2300010, guid: f8fb8fa88f997614f881a5c4beca994f, type: 3}
  m_ParentPrefab: {fileID: 100100000, guid: f8fb8fa88f997614f881a5c4beca994f, type: 3}
  m_IsPrefabParent: 0
--- !u!1001 &2123832908
Prefab:
  m_ObjectHideFlags: 0
  serializedVersion: 2
  m_Modification:
    m_TransformParent: {fileID: 1142401265}
    m_Modifications:
    - target: {fileID: 492576, guid: efca12e89e9d99540b62f26179c8f61f, type: 2}
      propertyPath: m_LocalPosition.x
      value: 4.43
      objectReference: {fileID: 0}
    - target: {fileID: 492576, guid: efca12e89e9d99540b62f26179c8f61f, type: 2}
      propertyPath: m_LocalPosition.y
      value: 0.9099997
      objectReference: {fileID: 0}
    - target: {fileID: 492576, guid: efca12e89e9d99540b62f26179c8f61f, type: 2}
      propertyPath: m_LocalPosition.z
      value: -4.67
      objectReference: {fileID: 0}
    - target: {fileID: 492576, guid: efca12e89e9d99540b62f26179c8f61f, type: 2}
      propertyPath: m_LocalRotation.x
      value: -0
      objectReference: {fileID: 0}
    - target: {fileID: 492576, guid: efca12e89e9d99540b62f26179c8f61f, type: 2}
      propertyPath: m_LocalRotation.y
      value: -0
      objectReference: {fileID: 0}
    - target: {fileID: 492576, guid: efca12e89e9d99540b62f26179c8f61f, type: 2}
      propertyPath: m_LocalRotation.z
      value: -0
      objectReference: {fileID: 0}
    - target: {fileID: 492576, guid: efca12e89e9d99540b62f26179c8f61f, type: 2}
      propertyPath: m_LocalRotation.w
      value: 1
      objectReference: {fileID: 0}
    - target: {fileID: 492576, guid: efca12e89e9d99540b62f26179c8f61f, type: 2}
      propertyPath: m_RootOrder
      value: 8
      objectReference: {fileID: 0}
    - target: {fileID: 173666, guid: efca12e89e9d99540b62f26179c8f61f, type: 2}
      propertyPath: m_Name
      value: gem (90)
      objectReference: {fileID: 0}
    - target: {fileID: 173666, guid: efca12e89e9d99540b62f26179c8f61f, type: 2}
      propertyPath: m_IsActive
      value: 1
      objectReference: {fileID: 0}
    - target: {fileID: 0}
      propertyPath: m_CollisionDetection
      value: 1
      objectReference: {fileID: 0}
    - target: {fileID: 13580338, guid: efca12e89e9d99540b62f26179c8f61f, type: 2}
      propertyPath: m_Material
      value: 
      objectReference: {fileID: 0}
    - target: {fileID: 11481554, guid: efca12e89e9d99540b62f26179c8f61f, type: 2}
      propertyPath: m_Enabled
      value: 1
      objectReference: {fileID: 0}
    - target: {fileID: 0}
      propertyPath: m_UseGravity
      value: 0
      objectReference: {fileID: 0}
    - target: {fileID: 0}
      propertyPath: m_Enabled
      value: 0
      objectReference: {fileID: 0}
    - target: {fileID: 2338692, guid: efca12e89e9d99540b62f26179c8f61f, type: 2}
      propertyPath: m_MotionVectors
      value: 2
      objectReference: {fileID: 0}
    - target: {fileID: 2338692, guid: efca12e89e9d99540b62f26179c8f61f, type: 2}
      propertyPath: m_CastShadows
      value: 0
      objectReference: {fileID: 0}
    - target: {fileID: 2338692, guid: efca12e89e9d99540b62f26179c8f61f, type: 2}
      propertyPath: m_ReceiveShadows
      value: 0
      objectReference: {fileID: 0}
    - target: {fileID: 2338692, guid: efca12e89e9d99540b62f26179c8f61f, type: 2}
      propertyPath: m_Enabled
      value: 1
      objectReference: {fileID: 0}
    - target: {fileID: 2338692, guid: efca12e89e9d99540b62f26179c8f61f, type: 2}
      propertyPath: m_Materials.Array.data[0]
      value: 
      objectReference: {fileID: 2100000, guid: baee97aa99b8ab440a7e470e4a52d293, type: 2}
    - target: {fileID: 13580338, guid: efca12e89e9d99540b62f26179c8f61f, type: 2}
      propertyPath: m_Enabled
      value: 1
      objectReference: {fileID: 0}
    m_RemovedComponents:
    - {fileID: 0}
  m_ParentPrefab: {fileID: 100100000, guid: efca12e89e9d99540b62f26179c8f61f, type: 2}
  m_IsPrefabParent: 0
