%YAML 1.1
%TAG !u! tag:unity3d.com,2011:
--- !u!29 &1
OcclusionCullingSettings:
  m_ObjectHideFlags: 0
  serializedVersion: 2
  m_OcclusionBakeSettings:
    smallestOccluder: 5
    smallestHole: 0.25
    backfaceThreshold: 100
  m_SceneGUID: 00000000000000000000000000000000
  m_OcclusionCullingData: {fileID: 0}
--- !u!104 &2
RenderSettings:
  m_ObjectHideFlags: 0
  serializedVersion: 7
  m_Fog: 0
  m_FogColor: {r: 0.5, g: 0.5, b: 0.5, a: 1}
  m_FogMode: 3
  m_FogDensity: 0.01
  m_LinearFogStart: 0
  m_LinearFogEnd: 300
  m_AmbientSkyColor: {r: 0.212, g: 0.227, b: 0.259, a: 1}
  m_AmbientEquatorColor: {r: 0.114, g: 0.125, b: 0.133, a: 1}
  m_AmbientGroundColor: {r: 0.047, g: 0.043, b: 0.035, a: 1}
  m_AmbientIntensity: 1
  m_AmbientMode: 3
  m_SkyboxMaterial: {fileID: 0}
  m_HaloStrength: 0.5
  m_FlareStrength: 1
  m_FlareFadeSpeed: 3
  m_HaloTexture: {fileID: 0}
  m_SpotCookie: {fileID: 10001, guid: 0000000000000000e000000000000000, type: 0}
  m_DefaultReflectionMode: 0
  m_DefaultReflectionResolution: 128
  m_ReflectionBounces: 1
  m_ReflectionIntensity: 0
  m_CustomReflection: {fileID: 0}
  m_Sun: {fileID: 0}
  m_IndirectSpecularColor: {r: 0, g: 0, b: 0, a: 1}
--- !u!157 &3
LightmapSettings:
  m_ObjectHideFlags: 0
  serializedVersion: 7
  m_GIWorkflowMode: 1
  m_GISettings:
    serializedVersion: 2
    m_BounceScale: 1
    m_IndirectOutputScale: 0
    m_AlbedoBoost: 1
    m_TemporalCoherenceThreshold: 1
    m_EnvironmentLightingMode: 0
    m_EnableBakedLightmaps: 0
    m_EnableRealtimeLightmaps: 0
  m_LightmapEditorSettings:
    serializedVersion: 4
    m_Resolution: 2
    m_BakeResolution: 40
    m_TextureWidth: 1024
    m_TextureHeight: 1024
    m_AO: 0
    m_AOMaxDistance: 1
    m_CompAOExponent: 0
    m_CompAOExponentDirect: 0
    m_Padding: 2
    m_LightmapParameters: {fileID: 0}
    m_LightmapsBakeMode: 1
    m_TextureCompression: 1
    m_DirectLightInLightProbes: 1
    m_FinalGather: 0
    m_FinalGatherFiltering: 1
    m_FinalGatherRayCount: 1024
    m_ReflectionCompression: 1
  m_LightingDataAsset: {fileID: 112000001, guid: fa72e6da71159c942b2f57a7dde8be8a,
    type: 2}
  m_RuntimeCPUUsage: 25
--- !u!196 &4
NavMeshSettings:
  serializedVersion: 2
  m_ObjectHideFlags: 0
  m_BuildSettings:
    serializedVersion: 2
    agentTypeID: 0
    agentRadius: 0.5
    agentHeight: 2
    agentSlope: 45
    agentClimb: 0.4
    ledgeDropHeight: 0
    maxJumpAcrossDistance: 0
    minRegionArea: 2
    manualCellSize: 0
    cellSize: 0.16666667
    accuratePlacement: 0
  m_NavMeshData: {fileID: 0}
--- !u!1 &225493179 stripped
GameObject:
  m_PrefabParentObject: {fileID: 173666, guid: efca12e89e9d99540b62f26179c8f61f, type: 2}
  m_PrefabInternal: {fileID: 1180843074}
--- !u!54 &225493181
Rigidbody:
  m_ObjectHideFlags: 0
  m_PrefabParentObject: {fileID: 0}
  m_PrefabInternal: {fileID: 0}
  m_GameObject: {fileID: 225493179}
  serializedVersion: 2
  m_Mass: 0.1
  m_Drag: 0
  m_AngularDrag: 1.28
  m_UseGravity: 0
  m_IsKinematic: 0
  m_Interpolate: 0
  m_Constraints: 14
  m_CollisionDetection: 1
--- !u!1 &283414605 stripped
GameObject:
  m_PrefabParentObject: {fileID: 173666, guid: efca12e89e9d99540b62f26179c8f61f, type: 2}
  m_PrefabInternal: {fileID: 1712943876}
--- !u!54 &283414607
Rigidbody:
  m_ObjectHideFlags: 0
  m_PrefabParentObject: {fileID: 0}
  m_PrefabInternal: {fileID: 0}
  m_GameObject: {fileID: 283414605}
  serializedVersion: 2
  m_Mass: 0.1
  m_Drag: 0
  m_AngularDrag: 1.28
  m_UseGravity: 0
  m_IsKinematic: 0
  m_Interpolate: 0
  m_Constraints: 14
  m_CollisionDetection: 1
--- !u!1001 &313297009
Prefab:
  m_ObjectHideFlags: 0
  serializedVersion: 2
  m_Modification:
    m_TransformParent: {fileID: 918824420}
    m_Modifications:
    - target: {fileID: 4264701828038544, guid: 709e79231f0bd2841b667cd2ec9071e2, type: 2}
      propertyPath: m_LocalPosition.x
      value: 1.0180836
      objectReference: {fileID: 0}
    - target: {fileID: 4264701828038544, guid: 709e79231f0bd2841b667cd2ec9071e2, type: 2}
      propertyPath: m_LocalPosition.y
      value: 0.25
      objectReference: {fileID: 0}
    - target: {fileID: 4264701828038544, guid: 709e79231f0bd2841b667cd2ec9071e2, type: 2}
      propertyPath: m_LocalPosition.z
      value: -1.97
      objectReference: {fileID: 0}
    - target: {fileID: 4264701828038544, guid: 709e79231f0bd2841b667cd2ec9071e2, type: 2}
      propertyPath: m_LocalRotation.x
      value: -0
      objectReference: {fileID: 0}
    - target: {fileID: 4264701828038544, guid: 709e79231f0bd2841b667cd2ec9071e2, type: 2}
      propertyPath: m_LocalRotation.y
      value: -0
      objectReference: {fileID: 0}
    - target: {fileID: 4264701828038544, guid: 709e79231f0bd2841b667cd2ec9071e2, type: 2}
      propertyPath: m_LocalRotation.z
      value: -0
      objectReference: {fileID: 0}
    - target: {fileID: 4264701828038544, guid: 709e79231f0bd2841b667cd2ec9071e2, type: 2}
      propertyPath: m_LocalRotation.w
      value: 1
      objectReference: {fileID: 0}
    - target: {fileID: 4264701828038544, guid: 709e79231f0bd2841b667cd2ec9071e2, type: 2}
      propertyPath: m_RootOrder
      value: 7
      objectReference: {fileID: 0}
    - target: {fileID: 1814639369426018, guid: 709e79231f0bd2841b667cd2ec9071e2, type: 2}
      propertyPath: m_Name
      value: SA_Fast (1)
      objectReference: {fileID: 0}
    m_RemovedComponents: []
  m_ParentPrefab: {fileID: 100100000, guid: 709e79231f0bd2841b667cd2ec9071e2, type: 2}
  m_IsPrefabParent: 0
--- !u!4 &336954386 stripped
Transform:
  m_PrefabParentObject: {fileID: 400008, guid: 9374b8eb4a81efd4aa0bc4915e48d5e0, type: 3}
  m_PrefabInternal: {fileID: 1241510060}
--- !u!1001 &376705787
Prefab:
  m_ObjectHideFlags: 0
  serializedVersion: 2
  m_Modification:
    m_TransformParent: {fileID: 918824420}
    m_Modifications:
    - target: {fileID: 475216, guid: 750191704a55d5d4aacf3382f2d34000, type: 2}
      propertyPath: m_LocalPosition.x
      value: -0.33
      objectReference: {fileID: 0}
    - target: {fileID: 475216, guid: 750191704a55d5d4aacf3382f2d34000, type: 2}
      propertyPath: m_LocalPosition.y
      value: -0.28040504
      objectReference: {fileID: 0}
    - target: {fileID: 475216, guid: 750191704a55d5d4aacf3382f2d34000, type: 2}
      propertyPath: m_LocalPosition.z
      value: -4.82
      objectReference: {fileID: 0}
    - target: {fileID: 475216, guid: 750191704a55d5d4aacf3382f2d34000, type: 2}
      propertyPath: m_LocalRotation.x
      value: -0
      objectReference: {fileID: 0}
    - target: {fileID: 475216, guid: 750191704a55d5d4aacf3382f2d34000, type: 2}
      propertyPath: m_LocalRotation.y
      value: -0.26774293
      objectReference: {fileID: 0}
    - target: {fileID: 475216, guid: 750191704a55d5d4aacf3382f2d34000, type: 2}
      propertyPath: m_LocalRotation.z
      value: -0
      objectReference: {fileID: 0}
    - target: {fileID: 475216, guid: 750191704a55d5d4aacf3382f2d34000, type: 2}
      propertyPath: m_LocalRotation.w
      value: 0.9634904
      objectReference: {fileID: 0}
    - target: {fileID: 475216, guid: 750191704a55d5d4aacf3382f2d34000, type: 2}
      propertyPath: m_RootOrder
      value: 6
      objectReference: {fileID: 0}
    - target: {fileID: 475216, guid: 750191704a55d5d4aacf3382f2d34000, type: 2}
      propertyPath: m_LocalEulerAnglesHint.y
      value: -31.06
      objectReference: {fileID: 0}
    - target: {fileID: 475216, guid: 750191704a55d5d4aacf3382f2d34000, type: 2}
      propertyPath: m_LocalScale.x
      value: 1
      objectReference: {fileID: 0}
    - target: {fileID: 475216, guid: 750191704a55d5d4aacf3382f2d34000, type: 2}
      propertyPath: m_LocalScale.y
      value: 0.5
      objectReference: {fileID: 0}
    - target: {fileID: 475216, guid: 750191704a55d5d4aacf3382f2d34000, type: 2}
      propertyPath: m_LocalScale.z
      value: 0.30000007
      objectReference: {fileID: 0}
    m_RemovedComponents: []
  m_ParentPrefab: {fileID: 100100000, guid: 750191704a55d5d4aacf3382f2d34000, type: 2}
  m_IsPrefabParent: 0
--- !u!1 &395738755 stripped
GameObject:
  m_PrefabParentObject: {fileID: 173666, guid: efca12e89e9d99540b62f26179c8f61f, type: 2}
  m_PrefabInternal: {fileID: 462658782}
--- !u!54 &395738757
Rigidbody:
  m_ObjectHideFlags: 0
  m_PrefabParentObject: {fileID: 0}
  m_PrefabInternal: {fileID: 0}
  m_GameObject: {fileID: 395738755}
  serializedVersion: 2
  m_Mass: 0.1
  m_Drag: 0
  m_AngularDrag: 1.28
  m_UseGravity: 0
  m_IsKinematic: 0
  m_Interpolate: 0
  m_Constraints: 14
  m_CollisionDetection: 1
--- !u!1001 &462658782
Prefab:
  m_ObjectHideFlags: 0
  serializedVersion: 2
  m_Modification:
    m_TransformParent: {fileID: 1142401265}
    m_Modifications:
    - target: {fileID: 492576, guid: efca12e89e9d99540b62f26179c8f61f, type: 2}
      propertyPath: m_LocalPosition.x
      value: -0.54
      objectReference: {fileID: 0}
    - target: {fileID: 492576, guid: efca12e89e9d99540b62f26179c8f61f, type: 2}
      propertyPath: m_LocalPosition.y
      value: 0.9099997
      objectReference: {fileID: 0}
    - target: {fileID: 492576, guid: efca12e89e9d99540b62f26179c8f61f, type: 2}
      propertyPath: m_LocalPosition.z
      value: -3.77
      objectReference: {fileID: 0}
    - target: {fileID: 492576, guid: efca12e89e9d99540b62f26179c8f61f, type: 2}
      propertyPath: m_LocalRotation.x
      value: -0
      objectReference: {fileID: 0}
    - target: {fileID: 492576, guid: efca12e89e9d99540b62f26179c8f61f, type: 2}
      propertyPath: m_LocalRotation.y
      value: -0
      objectReference: {fileID: 0}
    - target: {fileID: 492576, guid: efca12e89e9d99540b62f26179c8f61f, type: 2}
      propertyPath: m_LocalRotation.z
      value: -0
      objectReference: {fileID: 0}
    - target: {fileID: 492576, guid: efca12e89e9d99540b62f26179c8f61f, type: 2}
      propertyPath: m_LocalRotation.w
      value: 1
      objectReference: {fileID: 0}
    - target: {fileID: 492576, guid: efca12e89e9d99540b62f26179c8f61f, type: 2}
      propertyPath: m_RootOrder
      value: 6
      objectReference: {fileID: 0}
    - target: {fileID: 173666, guid: efca12e89e9d99540b62f26179c8f61f, type: 2}
      propertyPath: m_Name
      value: gem (80)
      objectReference: {fileID: 0}
    - target: {fileID: 173666, guid: efca12e89e9d99540b62f26179c8f61f, type: 2}
      propertyPath: m_IsActive
      value: 1
      objectReference: {fileID: 0}
    - target: {fileID: 0}
      propertyPath: m_CollisionDetection
      value: 1
      objectReference: {fileID: 0}
    - target: {fileID: 13580338, guid: efca12e89e9d99540b62f26179c8f61f, type: 2}
      propertyPath: m_Material
      value: 
      objectReference: {fileID: 0}
    - target: {fileID: 11481554, guid: efca12e89e9d99540b62f26179c8f61f, type: 2}
      propertyPath: m_Enabled
      value: 1
      objectReference: {fileID: 0}
    - target: {fileID: 0}
      propertyPath: m_UseGravity
      value: 0
      objectReference: {fileID: 0}
    - target: {fileID: 0}
      propertyPath: m_Enabled
      value: 0
      objectReference: {fileID: 0}
    - target: {fileID: 2338692, guid: efca12e89e9d99540b62f26179c8f61f, type: 2}
      propertyPath: m_MotionVectors
      value: 2
      objectReference: {fileID: 0}
    - target: {fileID: 2338692, guid: efca12e89e9d99540b62f26179c8f61f, type: 2}
      propertyPath: m_CastShadows
      value: 0
      objectReference: {fileID: 0}
    - target: {fileID: 2338692, guid: efca12e89e9d99540b62f26179c8f61f, type: 2}
      propertyPath: m_ReceiveShadows
      value: 0
      objectReference: {fileID: 0}
    - target: {fileID: 2338692, guid: efca12e89e9d99540b62f26179c8f61f, type: 2}
      propertyPath: m_Enabled
      value: 1
      objectReference: {fileID: 0}
    - target: {fileID: 2338692, guid: efca12e89e9d99540b62f26179c8f61f, type: 2}
      propertyPath: m_Materials.Array.data[0]
      value: 
      objectReference: {fileID: 2100000, guid: baee97aa99b8ab440a7e470e4a52d293, type: 2}
    - target: {fileID: 13580338, guid: efca12e89e9d99540b62f26179c8f61f, type: 2}
      propertyPath: m_Enabled
      value: 1
      objectReference: {fileID: 0}
    m_RemovedComponents:
    - {fileID: 0}
  m_ParentPrefab: {fileID: 100100000, guid: efca12e89e9d99540b62f26179c8f61f, type: 2}
  m_IsPrefabParent: 0
--- !u!1001 &826347245
Prefab:
  m_ObjectHideFlags: 0
  serializedVersion: 2
  m_Modification:
    m_TransformParent: {fileID: 1142401265}
    m_Modifications:
    - target: {fileID: 492576, guid: efca12e89e9d99540b62f26179c8f61f, type: 2}
      propertyPath: m_LocalPosition.x
      value: 0.52
      objectReference: {fileID: 0}
    - target: {fileID: 492576, guid: efca12e89e9d99540b62f26179c8f61f, type: 2}
      propertyPath: m_LocalPosition.y
      value: 0.9099997
      objectReference: {fileID: 0}
    - target: {fileID: 492576, guid: efca12e89e9d99540b62f26179c8f61f, type: 2}
      propertyPath: m_LocalPosition.z
      value: 3.32
      objectReference: {fileID: 0}
    - target: {fileID: 492576, guid: efca12e89e9d99540b62f26179c8f61f, type: 2}
      propertyPath: m_LocalRotation.x
      value: -0
      objectReference: {fileID: 0}
    - target: {fileID: 492576, guid: efca12e89e9d99540b62f26179c8f61f, type: 2}
      propertyPath: m_LocalRotation.y
      value: -0
      objectReference: {fileID: 0}
    - target: {fileID: 492576, guid: efca12e89e9d99540b62f26179c8f61f, type: 2}
      propertyPath: m_LocalRotation.z
      value: -0
      objectReference: {fileID: 0}
    - target: {fileID: 492576, guid: efca12e89e9d99540b62f26179c8f61f, type: 2}
      propertyPath: m_LocalRotation.w
      value: 1
      objectReference: {fileID: 0}
    - target: {fileID: 492576, guid: efca12e89e9d99540b62f26179c8f61f, type: 2}
      propertyPath: m_RootOrder
      value: 1
      objectReference: {fileID: 0}
    - target: {fileID: 173666, guid: efca12e89e9d99540b62f26179c8f61f, type: 2}
      propertyPath: m_Name
      value: gem (72)
      objectReference: {fileID: 0}
    - target: {fileID: 0}
      propertyPath: m_CollisionDetection
      value: 1
      objectReference: {fileID: 0}
    - target: {fileID: 13580338, guid: efca12e89e9d99540b62f26179c8f61f, type: 2}
      propertyPath: m_Material
      value: 
      objectReference: {fileID: 0}
    - target: {fileID: 11481554, guid: efca12e89e9d99540b62f26179c8f61f, type: 2}
      propertyPath: m_Enabled
      value: 1
      objectReference: {fileID: 0}
    - target: {fileID: 0}
      propertyPath: m_UseGravity
      value: 0
      objectReference: {fileID: 0}
    - target: {fileID: 0}
      propertyPath: m_Enabled
      value: 0
      objectReference: {fileID: 0}
    - target: {fileID: 2338692, guid: efca12e89e9d99540b62f26179c8f61f, type: 2}
      propertyPath: m_MotionVectors
      value: 2
      objectReference: {fileID: 0}
    - target: {fileID: 2338692, guid: efca12e89e9d99540b62f26179c8f61f, type: 2}
      propertyPath: m_CastShadows
      value: 0
      objectReference: {fileID: 0}
    - target: {fileID: 2338692, guid: efca12e89e9d99540b62f26179c8f61f, type: 2}
      propertyPath: m_ReceiveShadows
      value: 0
      objectReference: {fileID: 0}
    - target: {fileID: 2338692, guid: efca12e89e9d99540b62f26179c8f61f, type: 2}
      propertyPath: m_Enabled
      value: 1
      objectReference: {fileID: 0}
    - target: {fileID: 2338692, guid: efca12e89e9d99540b62f26179c8f61f, type: 2}
      propertyPath: m_Materials.Array.data[0]
      value: 
      objectReference: {fileID: 2100000, guid: baee97aa99b8ab440a7e470e4a52d293, type: 2}
    - target: {fileID: 13580338, guid: efca12e89e9d99540b62f26179c8f61f, type: 2}
      propertyPath: m_Enabled
      value: 1
      objectReference: {fileID: 0}
    m_RemovedComponents:
    - {fileID: 0}
  m_ParentPrefab: {fileID: 100100000, guid: efca12e89e9d99540b62f26179c8f61f, type: 2}
  m_IsPrefabParent: 0
--- !u!1001 &866698370
Prefab:
  m_ObjectHideFlags: 0
  serializedVersion: 2
  m_Modification:
    m_TransformParent: {fileID: 918824420}
    m_Modifications:
    - target: {fileID: 478766, guid: 00ac1703caaf9c34a99fb4c0b6297700, type: 2}
      propertyPath: m_LocalPosition.x
      value: -3.29
      objectReference: {fileID: 0}
    - target: {fileID: 478766, guid: 00ac1703caaf9c34a99fb4c0b6297700, type: 2}
      propertyPath: m_LocalPosition.y
      value: 0.97
      objectReference: {fileID: 0}
    - target: {fileID: 478766, guid: 00ac1703caaf9c34a99fb4c0b6297700, type: 2}
      propertyPath: m_LocalPosition.z
      value: 1.84
      objectReference: {fileID: 0}
    - target: {fileID: 478766, guid: 00ac1703caaf9c34a99fb4c0b6297700, type: 2}
      propertyPath: m_LocalRotation.x
      value: -0.49991354
      objectReference: {fileID: 0}
    - target: {fileID: 478766, guid: 00ac1703caaf9c34a99fb4c0b6297700, type: 2}
      propertyPath: m_LocalRotation.y
      value: 0.5000864
      objectReference: {fileID: 0}
    - target: {fileID: 478766, guid: 00ac1703caaf9c34a99fb4c0b6297700, type: 2}
      propertyPath: m_LocalRotation.z
      value: 0.49991363
      objectReference: {fileID: 0}
    - target: {fileID: 478766, guid: 00ac1703caaf9c34a99fb4c0b6297700, type: 2}
      propertyPath: m_LocalRotation.w
      value: 0.50008637
      objectReference: {fileID: 0}
    - target: {fileID: 478766, guid: 00ac1703caaf9c34a99fb4c0b6297700, type: 2}
      propertyPath: m_RootOrder
      value: 3
      objectReference: {fileID: 0}
    - target: {fileID: 478766, guid: 00ac1703caaf9c34a99fb4c0b6297700, type: 2}
      propertyPath: m_LocalScale.z
      value: 125
      objectReference: {fileID: 0}
    - target: {fileID: 182610, guid: 00ac1703caaf9c34a99fb4c0b6297700, type: 2}
      propertyPath: m_Name
      value: Star (1)
      objectReference: {fileID: 0}
    - target: {fileID: 478766, guid: 00ac1703caaf9c34a99fb4c0b6297700, type: 2}
      propertyPath: m_LocalScale.y
      value: 124.999985
      objectReference: {fileID: 0}
    m_RemovedComponents: []
  m_ParentPrefab: {fileID: 100100000, guid: 00ac1703caaf9c34a99fb4c0b6297700, type: 2}
  m_IsPrefabParent: 0
--- !u!4 &918824420 stripped
Transform:
  m_PrefabParentObject: {fileID: 489858, guid: 8eae31055672e93428329dedfead72e8, type: 2}
  m_PrefabInternal: {fileID: 1703868769}
--- !u!1001 &1113272164
Prefab:
  m_ObjectHideFlags: 0
  serializedVersion: 2
  m_Modification:
    m_TransformParent: {fileID: 0}
    m_Modifications:
    - target: {fileID: 488542, guid: a856ef0cc8dece7428bb9be389f12dbb, type: 2}
      propertyPath: m_LocalPosition.x
      value: -0.058403924
      objectReference: {fileID: 0}
    - target: {fileID: 488542, guid: a856ef0cc8dece7428bb9be389f12dbb, type: 2}
      propertyPath: m_LocalPosition.y
      value: 0.9446289
      objectReference: {fileID: 0}
    - target: {fileID: 488542, guid: a856ef0cc8dece7428bb9be389f12dbb, type: 2}
      propertyPath: m_LocalPosition.z
      value: 90
      objectReference: {fileID: 0}
    - target: {fileID: 488542, guid: a856ef0cc8dece7428bb9be389f12dbb, type: 2}
      propertyPath: m_LocalRotation.x
      value: 0
      objectReference: {fileID: 0}
    - target: {fileID: 488542, guid: a856ef0cc8dece7428bb9be389f12dbb, type: 2}
      propertyPath: m_LocalRotation.y
      value: 0
      objectReference: {fileID: 0}
    - target: {fileID: 488542, guid: a856ef0cc8dece7428bb9be389f12dbb, type: 2}
      propertyPath: m_LocalRotation.z
      value: 0
      objectReference: {fileID: 0}
    - target: {fileID: 488542, guid: a856ef0cc8dece7428bb9be389f12dbb, type: 2}
      propertyPath: m_LocalRotation.w
      value: 1
      objectReference: {fileID: 0}
    - target: {fileID: 488542, guid: a856ef0cc8dece7428bb9be389f12dbb, type: 2}
      propertyPath: m_RootOrder
      value: 1
      objectReference: {fileID: 0}
    m_RemovedComponents: []
  m_ParentPrefab: {fileID: 100100000, guid: a856ef0cc8dece7428bb9be389f12dbb, type: 2}
  m_IsPrefabParent: 0
--- !u!1 &1114005757
GameObject:
  m_ObjectHideFlags: 0
  m_PrefabParentObject: {fileID: 100006, guid: 9374b8eb4a81efd4aa0bc4915e48d5e0, type: 3}
  m_PrefabInternal: {fileID: 0}
  serializedVersion: 5
  m_Component:
  - component: {fileID: 1114005758}
  - component: {fileID: 1114005763}
  - component: {fileID: 1114005762}
  - component: {fileID: 1114005761}
  - component: {fileID: 1114005760}
  - component: {fileID: 1114005759}
  m_Layer: 0
  m_Name: Lvl19_W (1)
  m_TagString: Untagged
  m_Icon: {fileID: 0}
  m_NavMeshLayer: 0
  m_StaticEditorFlags: 0
  m_IsActive: 1
--- !u!4 &1114005758
Transform:
  m_ObjectHideFlags: 0
  m_PrefabParentObject: {fileID: 400006, guid: 9374b8eb4a81efd4aa0bc4915e48d5e0, type: 3}
  m_PrefabInternal: {fileID: 0}
  m_GameObject: {fileID: 1114005757}
  m_LocalRotation: {x: -0, y: -0, z: -0, w: 1}
  m_LocalPosition: {x: -0.0015656294, y: 0.008840523, z: -0.0004067218}
  m_LocalScale: {x: 1, y: 1, z: 1}
  m_Children: []
  m_Father: {fileID: 336954386}
  m_RootOrder: 1
  m_LocalEulerAnglesHint: {x: 0, y: 0, z: 0}
--- !u!114 &1114005759
MonoBehaviour:
  m_ObjectHideFlags: 0
  m_PrefabParentObject: {fileID: 0}
  m_PrefabInternal: {fileID: 0}
  m_GameObject: {fileID: 1114005757}
  m_Enabled: 1
  m_EditorHideFlags: 0
  m_Script: {fileID: 11500000, guid: cd04d13fb607d1e4e9f3ce906e5d7ffb, type: 3}
  m_Name: 
  m_EditorClassIdentifier: 
  wall_hit_sound: {fileID: 1095634888960300, guid: 317e4ca3027742342a3662bb6f18622e,
    type: 2}
--- !u!64 &1114005760
MeshCollider:
  m_ObjectHideFlags: 0
  m_PrefabParentObject: {fileID: 0}
  m_PrefabInternal: {fileID: 0}
  m_GameObject: {fileID: 1114005757}
  m_Material: {fileID: 0}
  m_IsTrigger: 0
  m_Enabled: 1
  serializedVersion: 2
  m_Convex: 0
  m_InflateMesh: 0
  m_SkinWidth: 0.01
  m_Mesh: {fileID: 4300000, guid: 9374b8eb4a81efd4aa0bc4915e48d5e0, type: 3}
--- !u!54 &1114005761
Rigidbody:
  m_ObjectHideFlags: 0
  m_PrefabParentObject: {fileID: 0}
  m_PrefabInternal: {fileID: 0}
  m_GameObject: {fileID: 1114005757}
  serializedVersion: 2
  m_Mass: 1
  m_Drag: 0
  m_AngularDrag: 0.05
  m_UseGravity: 0
  m_IsKinematic: 1
  m_Interpolate: 0
  m_Constraints: 0
  m_CollisionDetection: 0
--- !u!23 &1114005762
MeshRenderer:
  m_ObjectHideFlags: 0
  m_PrefabParentObject: {fileID: 2300004, guid: 9374b8eb4a81efd4aa0bc4915e48d5e0,
    type: 3}
  m_PrefabInternal: {fileID: 0}
  m_GameObject: {fileID: 1114005757}
  m_Enabled: 0
  m_CastShadows: 1
  m_ReceiveShadows: 1
  m_MotionVectors: 1
  m_LightProbeUsage: 1
  m_ReflectionProbeUsage: 1
  m_Materials:
  - {fileID: 2100000, guid: aed8a562fe75de147b58816dc03e855a, type: 2}
  m_StaticBatchInfo:
    firstSubMesh: 0
    subMeshCount: 0
  m_StaticBatchRoot: {fileID: 0}
  m_ProbeAnchor: {fileID: 0}
  m_LightProbeVolumeOverride: {fileID: 0}
  m_ScaleInLightmap: 1
  m_PreserveUVs: 0
  m_IgnoreNormalsForChartDetection: 0
  m_ImportantGI: 0
  m_SelectedEditorRenderState: 3
  m_MinimumChartSize: 4
  m_AutoUVMaxDistance: 0.5
  m_AutoUVMaxAngle: 89
  m_LightmapParameters: {fileID: 0}
  m_SortingLayerID: 0
  m_SortingOrder: 0
--- !u!33 &1114005763
MeshFilter:
  m_ObjectHideFlags: 0
  m_PrefabParentObject: {fileID: 3300004, guid: 9374b8eb4a81efd4aa0bc4915e48d5e0,
    type: 3}
  m_PrefabInternal: {fileID: 0}
  m_GameObject: {fileID: 1114005757}
  m_Mesh: {fileID: 4300000, guid: 9374b8eb4a81efd4aa0bc4915e48d5e0, type: 3}
--- !u!4 &1142401265 stripped
Transform:
  m_PrefabParentObject: {fileID: 454612, guid: 8eae31055672e93428329dedfead72e8, type: 2}
  m_PrefabInternal: {fileID: 1703868769}
--- !u!1001 &1151897404
Prefab:
  m_ObjectHideFlags: 0
  serializedVersion: 2
  m_Modification:
    m_TransformParent: {fileID: 1142401265}
    m_Modifications:
    - target: {fileID: 492576, guid: efca12e89e9d99540b62f26179c8f61f, type: 2}
      propertyPath: m_LocalPosition.x
      value: 6.11
      objectReference: {fileID: 0}
    - target: {fileID: 492576, guid: efca12e89e9d99540b62f26179c8f61f, type: 2}
      propertyPath: m_LocalPosition.y
      value: 0.9099997
      objectReference: {fileID: 0}
    - target: {fileID: 492576, guid: efca12e89e9d99540b62f26179c8f61f, type: 2}
      propertyPath: m_LocalPosition.z
      value: -0.12
      objectReference: {fileID: 0}
    - target: {fileID: 492576, guid: efca12e89e9d99540b62f26179c8f61f, type: 2}
      propertyPath: m_LocalRotation.x
      value: -0
      objectReference: {fileID: 0}
    - target: {fileID: 492576, guid: efca12e89e9d99540b62f26179c8f61f, type: 2}
      propertyPath: m_LocalRotation.y
      value: -0
      objectReference: {fileID: 0}
    - target: {fileID: 492576, guid: efca12e89e9d99540b62f26179c8f61f, type: 2}
      propertyPath: m_LocalRotation.z
      value: -0
      objectReference: {fileID: 0}
    - target: {fileID: 492576, guid: efca12e89e9d99540b62f26179c8f61f, type: 2}
      propertyPath: m_LocalRotation.w
      value: 1
      objectReference: {fileID: 0}
    - target: {fileID: 492576, guid: efca12e89e9d99540b62f26179c8f61f, type: 2}
      propertyPath: m_RootOrder
      value: 0
      objectReference: {fileID: 0}
    - target: {fileID: 173666, guid: efca12e89e9d99540b62f26179c8f61f, type: 2}
      propertyPath: m_Name
      value: gem (70)
      objectReference: {fileID: 0}
    - target: {fileID: 173666, guid: efca12e89e9d99540b62f26179c8f61f, type: 2}
      propertyPath: m_IsActive
      value: 1
      objectReference: {fileID: 0}
    - target: {fileID: 0}
      propertyPath: m_CollisionDetection
      value: 1
      objectReference: {fileID: 0}
    - target: {fileID: 13580338, guid: efca12e89e9d99540b62f26179c8f61f, type: 2}
      propertyPath: m_Material
      value: 
      objectReference: {fileID: 0}
    - target: {fileID: 11481554, guid: efca12e89e9d99540b62f26179c8f61f, type: 2}
      propertyPath: m_Enabled
      value: 1
      objectReference: {fileID: 0}
    - target: {fileID: 0}
      propertyPath: m_UseGravity
      value: 0
      objectReference: {fileID: 0}
    - target: {fileID: 0}
      propertyPath: m_Enabled
      value: 0
      objectReference: {fileID: 0}
    - target: {fileID: 2338692, guid: efca12e89e9d99540b62f26179c8f61f, type: 2}
      propertyPath: m_MotionVectors
      value: 2
      objectReference: {fileID: 0}
    - target: {fileID: 2338692, guid: efca12e89e9d99540b62f26179c8f61f, type: 2}
      propertyPath: m_CastShadows
      value: 0
      objectReference: {fileID: 0}
    - target: {fileID: 2338692, guid: efca12e89e9d99540b62f26179c8f61f, type: 2}
      propertyPath: m_ReceiveShadows
      value: 0
      objectReference: {fileID: 0}
    - target: {fileID: 2338692, guid: efca12e89e9d99540b62f26179c8f61f, type: 2}
      propertyPath: m_Enabled
      value: 1
      objectReference: {fileID: 0}
    - target: {fileID: 2338692, guid: efca12e89e9d99540b62f26179c8f61f, type: 2}
      propertyPath: m_Materials.Array.data[0]
      value: 
      objectReference: {fileID: 2100000, guid: baee97aa99b8ab440a7e470e4a52d293, type: 2}
    - target: {fileID: 13580338, guid: efca12e89e9d99540b62f26179c8f61f, type: 2}
      propertyPath: m_Enabled
      value: 1
      objectReference: {fileID: 0}
    m_RemovedComponents:
    - {fileID: 0}
  m_ParentPrefab: {fileID: 100100000, guid: efca12e89e9d99540b62f26179c8f61f, type: 2}
  m_IsPrefabParent: 0
--- !u!1001 &1180843074
Prefab:
  m_ObjectHideFlags: 0
  serializedVersion: 2
  m_Modification:
    m_TransformParent: {fileID: 1142401265}
    m_Modifications:
    - target: {fileID: 492576, guid: efca12e89e9d99540b62f26179c8f61f, type: 2}
      propertyPath: m_LocalPosition.x
      value: -3.11
      objectReference: {fileID: 0}
    - target: {fileID: 492576, guid: efca12e89e9d99540b62f26179c8f61f, type: 2}
      propertyPath: m_LocalPosition.y
      value: 0.9099997
      objectReference: {fileID: 0}
    - target: {fileID: 492576, guid: efca12e89e9d99540b62f26179c8f61f, type: 2}
      propertyPath: m_LocalPosition.z
      value: -1.3
      objectReference: {fileID: 0}
    - target: {fileID: 492576, guid: efca12e89e9d99540b62f26179c8f61f, type: 2}
      propertyPath: m_LocalRotation.x
      value: -0
      objectReference: {fileID: 0}
    - target: {fileID: 492576, guid: efca12e89e9d99540b62f26179c8f61f, type: 2}
      propertyPath: m_LocalRotation.y
      value: -0
      objectReference: {fileID: 0}
    - target: {fileID: 492576, guid: efca12e89e9d99540b62f26179c8f61f, type: 2}
      propertyPath: m_LocalRotation.z
      value: -0
      objectReference: {fileID: 0}
    - target: {fileID: 492576, guid: efca12e89e9d99540b62f26179c8f61f, type: 2}
      propertyPath: m_LocalRotation.w
      value: 1
      objectReference: {fileID: 0}
    - target: {fileID: 492576, guid: efca12e89e9d99540b62f26179c8f61f, type: 2}
      propertyPath: m_RootOrder
      value: 3
      objectReference: {fileID: 0}
    - target: {fileID: 173666, guid: efca12e89e9d99540b62f26179c8f61f, type: 2}
      propertyPath: m_Name
      value: gem (74)
      objectReference: {fileID: 0}
    - target: {fileID: 173666, guid: efca12e89e9d99540b62f26179c8f61f, type: 2}
      propertyPath: m_IsActive
      value: 1
      objectReference: {fileID: 0}
    - target: {fileID: 0}
      propertyPath: m_CollisionDetection
      value: 1
      objectReference: {fileID: 0}
    - target: {fileID: 13580338, guid: efca12e89e9d99540b62f26179c8f61f, type: 2}
      propertyPath: m_Material
      value: 
      objectReference: {fileID: 0}
    - target: {fileID: 11481554, guid: efca12e89e9d99540b62f26179c8f61f, type: 2}
      propertyPath: m_Enabled
      value: 1
      objectReference: {fileID: 0}
    - target: {fileID: 0}
      propertyPath: m_UseGravity
      value: 0
      objectReference: {fileID: 0}
    - target: {fileID: 0}
      propertyPath: m_Enabled
      value: 0
      objectReference: {fileID: 0}
    - target: {fileID: 2338692, guid: efca12e89e9d99540b62f26179c8f61f, type: 2}
      propertyPath: m_MotionVectors
      value: 2
      objectReference: {fileID: 0}
    - target: {fileID: 2338692, guid: efca12e89e9d99540b62f26179c8f61f, type: 2}
      propertyPath: m_CastShadows
      value: 0
      objectReference: {fileID: 0}
    - target: {fileID: 2338692, guid: efca12e89e9d99540b62f26179c8f61f, type: 2}
      propertyPath: m_ReceiveShadows
      value: 0
      objectReference: {fileID: 0}
    - target: {fileID: 2338692, guid: efca12e89e9d99540b62f26179c8f61f, type: 2}
      propertyPath: m_Enabled
      value: 1
      objectReference: {fileID: 0}
    - target: {fileID: 2338692, guid: efca12e89e9d99540b62f26179c8f61f, type: 2}
      propertyPath: m_Materials.Array.data[0]
      value: 
      objectReference: {fileID: 2100000, guid: baee97aa99b8ab440a7e470e4a52d293, type: 2}
    - target: {fileID: 13580338, guid: efca12e89e9d99540b62f26179c8f61f, type: 2}
      propertyPath: m_Enabled
      value: 1
      objectReference: {fileID: 0}
    m_RemovedComponents:
    - {fileID: 0}
  m_ParentPrefab: {fileID: 100100000, guid: efca12e89e9d99540b62f26179c8f61f, type: 2}
  m_IsPrefabParent: 0
--- !u!1001 &1241510060
Prefab:
  m_ObjectHideFlags: 0
  serializedVersion: 2
  m_Modification:
    m_TransformParent: {fileID: 918824420}
    m_Modifications:
    - target: {fileID: 400000, guid: 9374b8eb4a81efd4aa0bc4915e48d5e0, type: 3}
      propertyPath: m_LocalPosition.x
      value: 0
      objectReference: {fileID: 0}
    - target: {fileID: 400000, guid: 9374b8eb4a81efd4aa0bc4915e48d5e0, type: 3}
      propertyPath: m_LocalPosition.y
      value: 0
      objectReference: {fileID: 0}
    - target: {fileID: 400000, guid: 9374b8eb4a81efd4aa0bc4915e48d5e0, type: 3}
      propertyPath: m_LocalPosition.z
      value: 0
      objectReference: {fileID: 0}
    - target: {fileID: 400000, guid: 9374b8eb4a81efd4aa0bc4915e48d5e0, type: 3}
      propertyPath: m_LocalRotation.x
      value: 0
      objectReference: {fileID: 0}
    - target: {fileID: 400000, guid: 9374b8eb4a81efd4aa0bc4915e48d5e0, type: 3}
      propertyPath: m_LocalRotation.y
      value: 0.7071068
      objectReference: {fileID: 0}
    - target: {fileID: 400000, guid: 9374b8eb4a81efd4aa0bc4915e48d5e0, type: 3}
      propertyPath: m_LocalRotation.z
      value: -0
      objectReference: {fileID: 0}
    - target: {fileID: 400000, guid: 9374b8eb4a81efd4aa0bc4915e48d5e0, type: 3}
      propertyPath: m_LocalRotation.w
      value: -0.7071068
      objectReference: {fileID: 0}
    - target: {fileID: 400000, guid: 9374b8eb4a81efd4aa0bc4915e48d5e0, type: 3}
      propertyPath: m_RootOrder
      value: 5
      objectReference: {fileID: 0}
    - target: {fileID: 400000, guid: 9374b8eb4a81efd4aa0bc4915e48d5e0, type: 3}
      propertyPath: m_LocalEulerAnglesHint.y
      value: 270
      objectReference: {fileID: 0}
    - target: {fileID: 2300004, guid: 9374b8eb4a81efd4aa0bc4915e48d5e0, type: 3}
      propertyPath: m_Materials.Array.data[0]
      value: 
      objectReference: {fileID: 2100000, guid: aed8a562fe75de147b58816dc03e855a, type: 2}
    - target: {fileID: 100002, guid: 9374b8eb4a81efd4aa0bc4915e48d5e0, type: 3}
      propertyPath: m_IsActive
      value: 0
      objectReference: {fileID: 0}
    m_RemovedComponents:
    - {fileID: 2300000, guid: 9374b8eb4a81efd4aa0bc4915e48d5e0, type: 3}
    - {fileID: 3300000, guid: 9374b8eb4a81efd4aa0bc4915e48d5e0, type: 3}
  m_ParentPrefab: {fileID: 100100000, guid: 9374b8eb4a81efd4aa0bc4915e48d5e0, type: 3}
  m_IsPrefabParent: 0
--- !u!1 &1241510061 stripped
GameObject:
  m_PrefabParentObject: {fileID: 100002, guid: 9374b8eb4a81efd4aa0bc4915e48d5e0, type: 3}
  m_PrefabInternal: {fileID: 1241510060}
--- !u!1 &1241510062 stripped
GameObject:
  m_PrefabParentObject: {fileID: 100000, guid: 9374b8eb4a81efd4aa0bc4915e48d5e0, type: 3}
  m_PrefabInternal: {fileID: 1241510060}
--- !u!64 &1241510063
MeshCollider:
  m_ObjectHideFlags: 0
  m_PrefabParentObject: {fileID: 0}
  m_PrefabInternal: {fileID: 0}
  m_GameObject: {fileID: 1241510061}
  m_Material: {fileID: 0}
  m_IsTrigger: 0
  m_Enabled: 1
  serializedVersion: 2
  m_Convex: 0
  m_InflateMesh: 0
  m_SkinWidth: 0.01
  m_Mesh: {fileID: 4300002, guid: 9374b8eb4a81efd4aa0bc4915e48d5e0, type: 3}
--- !u!54 &1241510064
Rigidbody:
  m_ObjectHideFlags: 0
  m_PrefabParentObject: {fileID: 0}
  m_PrefabInternal: {fileID: 0}
  m_GameObject: {fileID: 1241510062}
  serializedVersion: 2
  m_Mass: 1
  m_Drag: 0
  m_AngularDrag: 0.05
  m_UseGravity: 0
  m_IsKinematic: 1
  m_Interpolate: 2
  m_Constraints: 0
  m_CollisionDetection: 1
--- !u!1001 &1242226626
Prefab:
  m_ObjectHideFlags: 0
  serializedVersion: 2
  m_Modification:
    m_TransformParent: {fileID: 918824420}
    m_Modifications:
    - target: {fileID: 475216, guid: 750191704a55d5d4aacf3382f2d34000, type: 2}
      propertyPath: m_LocalPosition.x
      value: -0.87
      objectReference: {fileID: 0}
    - target: {fileID: 475216, guid: 750191704a55d5d4aacf3382f2d34000, type: 2}
      propertyPath: m_LocalPosition.y
      value: -0.28040504
      objectReference: {fileID: 0}
    - target: {fileID: 475216, guid: 750191704a55d5d4aacf3382f2d34000, type: 2}
      propertyPath: m_LocalPosition.z
      value: 5.01
      objectReference: {fileID: 0}
    - target: {fileID: 475216, guid: 750191704a55d5d4aacf3382f2d34000, type: 2}
      propertyPath: m_LocalRotation.x
      value: 0
      objectReference: {fileID: 0}
    - target: {fileID: 475216, guid: 750191704a55d5d4aacf3382f2d34000, type: 2}
      propertyPath: m_LocalRotation.y
      value: 0.26774293
      objectReference: {fileID: 0}
    - target: {fileID: 475216, guid: 750191704a55d5d4aacf3382f2d34000, type: 2}
      propertyPath: m_LocalRotation.z
      value: 0
      objectReference: {fileID: 0}
    - target: {fileID: 475216, guid: 750191704a55d5d4aacf3382f2d34000, type: 2}
      propertyPath: m_LocalRotation.w
      value: 0.9634904
      objectReference: {fileID: 0}
    - target: {fileID: 475216, guid: 750191704a55d5d4aacf3382f2d34000, type: 2}
      propertyPath: m_RootOrder
      value: 8
      objectReference: {fileID: 0}
    - target: {fileID: 475216, guid: 750191704a55d5d4aacf3382f2d34000, type: 2}
      propertyPath: m_LocalEulerAnglesHint.y
      value: 31.06
      objectReference: {fileID: 0}
    - target: {fileID: 475216, guid: 750191704a55d5d4aacf3382f2d34000, type: 2}
      propertyPath: m_LocalScale.x
      value: 1
      objectReference: {fileID: 0}
    - target: {fileID: 475216, guid: 750191704a55d5d4aacf3382f2d34000, type: 2}
      propertyPath: m_LocalScale.y
      value: 0.5
      objectReference: {fileID: 0}
    - target: {fileID: 475216, guid: 750191704a55d5d4aacf3382f2d34000, type: 2}
      propertyPath: m_LocalScale.z
      value: 0.30000004
      objectReference: {fileID: 0}
    - target: {fileID: 189786, guid: 750191704a55d5d4aacf3382f2d34000, type: 2}
      propertyPath: m_Name
      value: AccBox (1)
      objectReference: {fileID: 0}
    m_RemovedComponents: []
  m_ParentPrefab: {fileID: 100100000, guid: 750191704a55d5d4aacf3382f2d34000, type: 2}
  m_IsPrefabParent: 0
--- !u!1001 &1351273358
Prefab:
  m_ObjectHideFlags: 0
  serializedVersion: 2
  m_Modification:
    m_TransformParent: {fileID: 918824420}
    m_Modifications:
    - target: {fileID: 4264701828038544, guid: 709e79231f0bd2841b667cd2ec9071e2, type: 2}
      propertyPath: m_LocalPosition.x
      value: 1.0180836
      objectReference: {fileID: 0}
    - target: {fileID: 4264701828038544, guid: 709e79231f0bd2841b667cd2ec9071e2, type: 2}
      propertyPath: m_LocalPosition.y
      value: 0.25
      objectReference: {fileID: 0}
    - target: {fileID: 4264701828038544, guid: 709e79231f0bd2841b667cd2ec9071e2, type: 2}
      propertyPath: m_LocalPosition.z
      value: 1.32
      objectReference: {fileID: 0}
    - target: {fileID: 4264701828038544, guid: 709e79231f0bd2841b667cd2ec9071e2, type: 2}
      propertyPath: m_LocalRotation.x
      value: -0
      objectReference: {fileID: 0}
    - target: {fileID: 4264701828038544, guid: 709e79231f0bd2841b667cd2ec9071e2, type: 2}
      propertyPath: m_LocalRotation.y
      value: -0
      objectReference: {fileID: 0}
    - target: {fileID: 4264701828038544, guid: 709e79231f0bd2841b667cd2ec9071e2, type: 2}
      propertyPath: m_LocalRotation.z
      value: -0
      objectReference: {fileID: 0}
    - target: {fileID: 4264701828038544, guid: 709e79231f0bd2841b667cd2ec9071e2, type: 2}
      propertyPath: m_LocalRotation.w
      value: 1
      objectReference: {fileID: 0}
    - target: {fileID: 4264701828038544, guid: 709e79231f0bd2841b667cd2ec9071e2, type: 2}
      propertyPath: m_RootOrder
      value: 4
      objectReference: {fileID: 0}
    m_RemovedComponents: []
  m_ParentPrefab: {fileID: 100100000, guid: 709e79231f0bd2841b667cd2ec9071e2, type: 2}
  m_IsPrefabParent: 0
--- !u!1 &1505142692 stripped
GameObject:
  m_PrefabParentObject: {fileID: 173666, guid: efca12e89e9d99540b62f26179c8f61f, type: 2}
  m_PrefabInternal: {fileID: 1151897404}
--- !u!54 &1505142694
Rigidbody:
  m_ObjectHideFlags: 0
  m_PrefabParentObject: {fileID: 0}
  m_PrefabInternal: {fileID: 0}
  m_GameObject: {fileID: 1505142692}
  serializedVersion: 2
  m_Mass: 0.1
  m_Drag: 0
  m_AngularDrag: 1.28
  m_UseGravity: 0
  m_IsKinematic: 0
  m_Interpolate: 0
  m_Constraints: 14
  m_CollisionDetection: 1
--- !u!1001 &1582116605
Prefab:
  m_ObjectHideFlags: 0
  serializedVersion: 2
  m_Modification:
    m_TransformParent: {fileID: 1142401265}
    m_Modifications:
    - target: {fileID: 492576, guid: efca12e89e9d99540b62f26179c8f61f, type: 2}
      propertyPath: m_LocalPosition.x
      value: 0.61
      objectReference: {fileID: 0}
    - target: {fileID: 492576, guid: efca12e89e9d99540b62f26179c8f61f, type: 2}
      propertyPath: m_LocalPosition.y
      value: 0.9099997
      objectReference: {fileID: 0}
    - target: {fileID: 492576, guid: efca12e89e9d99540b62f26179c8f61f, type: 2}
      propertyPath: m_LocalPosition.z
      value: -2.95
      objectReference: {fileID: 0}
    - target: {fileID: 492576, guid: efca12e89e9d99540b62f26179c8f61f, type: 2}
      propertyPath: m_LocalRotation.x
      value: -0
      objectReference: {fileID: 0}
    - target: {fileID: 492576, guid: efca12e89e9d99540b62f26179c8f61f, type: 2}
      propertyPath: m_LocalRotation.y
      value: -0
      objectReference: {fileID: 0}
    - target: {fileID: 492576, guid: efca12e89e9d99540b62f26179c8f61f, type: 2}
      propertyPath: m_LocalRotation.z
      value: -0
      objectReference: {fileID: 0}
    - target: {fileID: 492576, guid: efca12e89e9d99540b62f26179c8f61f, type: 2}
      propertyPath: m_LocalRotation.w
      value: 1
      objectReference: {fileID: 0}
    - target: {fileID: 492576, guid: efca12e89e9d99540b62f26179c8f61f, type: 2}
      propertyPath: m_RootOrder
      value: 5
      objectReference: {fileID: 0}
    - target: {fileID: 173666, guid: efca12e89e9d99540b62f26179c8f61f, type: 2}
      propertyPath: m_Name
      value: gem (77)
      objectReference: {fileID: 0}
    - target: {fileID: 173666, guid: efca12e89e9d99540b62f26179c8f61f, type: 2}
      propertyPath: m_IsActive
      value: 1
      objectReference: {fileID: 0}
    - target: {fileID: 0}
      propertyPath: m_CollisionDetection
      value: 1
      objectReference: {fileID: 0}
    - target: {fileID: 13580338, guid: efca12e89e9d99540b62f26179c8f61f, type: 2}
      propertyPath: m_Material
      value: 
      objectReference: {fileID: 0}
    - target: {fileID: 11481554, guid: efca12e89e9d99540b62f26179c8f61f, type: 2}
      propertyPath: m_Enabled
      value: 1
      objectReference: {fileID: 0}
    - target: {fileID: 0}
      propertyPath: m_UseGravity
      value: 0
      objectReference: {fileID: 0}
    - target: {fileID: 0}
      propertyPath: m_Enabled
      value: 0
      objectReference: {fileID: 0}
    - target: {fileID: 2338692, guid: efca12e89e9d99540b62f26179c8f61f, type: 2}
      propertyPath: m_MotionVectors
      value: 2
      objectReference: {fileID: 0}
    - target: {fileID: 2338692, guid: efca12e89e9d99540b62f26179c8f61f, type: 2}
      propertyPath: m_CastShadows
      value: 0
      objectReference: {fileID: 0}
    - target: {fileID: 2338692, guid: efca12e89e9d99540b62f26179c8f61f, type: 2}
      propertyPath: m_ReceiveShadows
      value: 0
      objectReference: {fileID: 0}
    - target: {fileID: 2338692, guid: efca12e89e9d99540b62f26179c8f61f, type: 2}
      propertyPath: m_Enabled
      value: 1
      objectReference: {fileID: 0}
    - target: {fileID: 2338692, guid: efca12e89e9d99540b62f26179c8f61f, type: 2}
      propertyPath: m_Materials.Array.data[0]
      value: 
      objectReference: {fileID: 2100000, guid: baee97aa99b8ab440a7e470e4a52d293, type: 2}
    - target: {fileID: 13580338, guid: efca12e89e9d99540b62f26179c8f61f, type: 2}
      propertyPath: m_Enabled
      value: 1
      objectReference: {fileID: 0}
    m_RemovedComponents:
    - {fileID: 0}
  m_ParentPrefab: {fileID: 100100000, guid: efca12e89e9d99540b62f26179c8f61f, type: 2}
  m_IsPrefabParent: 0
--- !u!1 &1628604330
GameObject:
  m_ObjectHideFlags: 0
  m_PrefabParentObject: {fileID: 100004, guid: 9374b8eb4a81efd4aa0bc4915e48d5e0, type: 3}
  m_PrefabInternal: {fileID: 0}
  serializedVersion: 5
  m_Component:
  - component: {fileID: 1628604331}
  - component: {fileID: 1628604334}
  - component: {fileID: 1628604333}
  - component: {fileID: 1628604332}
  m_Layer: 0
  m_Name: Lvl19_G (1)
  m_TagString: Untagged
  m_Icon: {fileID: 0}
  m_NavMeshLayer: 0
  m_StaticEditorFlags: 0
  m_IsActive: 1
--- !u!4 &1628604331
Transform:
  m_ObjectHideFlags: 0
  m_PrefabParentObject: {fileID: 400004, guid: 9374b8eb4a81efd4aa0bc4915e48d5e0, type: 3}
  m_PrefabInternal: {fileID: 0}
  m_GameObject: {fileID: 1628604330}
  m_LocalRotation: {x: -0, y: -0, z: -0, w: 1}
  m_LocalPosition: {x: 0, y: 0, z: 0}
  m_LocalScale: {x: 1, y: 1, z: 1}
  m_Children: []
  m_Father: {fileID: 336954386}
  m_RootOrder: 2
  m_LocalEulerAnglesHint: {x: 0, y: 0, z: 0}
--- !u!64 &1628604332
MeshCollider:
  m_ObjectHideFlags: 0
  m_PrefabParentObject: {fileID: 0}
  m_PrefabInternal: {fileID: 0}
  m_GameObject: {fileID: 1628604330}
  m_Material: {fileID: 0}
  m_IsTrigger: 0
  m_Enabled: 1
  serializedVersion: 2
  m_Convex: 0
  m_InflateMesh: 0
  m_SkinWidth: 0.01
  m_Mesh: {fileID: 4300004, guid: 9374b8eb4a81efd4aa0bc4915e48d5e0, type: 3}
--- !u!23 &1628604333
MeshRenderer:
  m_ObjectHideFlags: 0
  m_PrefabParentObject: {fileID: 2300002, guid: 9374b8eb4a81efd4aa0bc4915e48d5e0,
    type: 3}
  m_PrefabInternal: {fileID: 0}
  m_GameObject: {fileID: 1628604330}
  m_Enabled: 1
  m_CastShadows: 1
  m_ReceiveShadows: 1
  m_MotionVectors: 1
  m_LightProbeUsage: 1
  m_ReflectionProbeUsage: 1
  m_Materials:
  - {fileID: 2100000, guid: ba87d4d53a92e19439d7eb6621eec7e7, type: 2}
  m_StaticBatchInfo:
    firstSubMesh: 0
    subMeshCount: 0
  m_StaticBatchRoot: {fileID: 0}
  m_ProbeAnchor: {fileID: 0}
  m_LightProbeVolumeOverride: {fileID: 0}
  m_ScaleInLightmap: 1
  m_PreserveUVs: 0
  m_IgnoreNormalsForChartDetection: 0
  m_ImportantGI: 0
  m_SelectedEditorRenderState: 3
  m_MinimumChartSize: 4
  m_AutoUVMaxDistance: 0.5
  m_AutoUVMaxAngle: 89
  m_LightmapParameters: {fileID: 0}
  m_SortingLayerID: 0
  m_SortingOrder: 0
--- !u!33 &1628604334
MeshFilter:
  m_ObjectHideFlags: 0
  m_PrefabParentObject: {fileID: 3300002, guid: 9374b8eb4a81efd4aa0bc4915e48d5e0,
    type: 3}
  m_PrefabInternal: {fileID: 0}
  m_GameObject: {fileID: 1628604330}
  m_Mesh: {fileID: 4300004, guid: 9374b8eb4a81efd4aa0bc4915e48d5e0, type: 3}
--- !u!1001 &1703868769
Prefab:
  m_ObjectHideFlags: 0
  serializedVersion: 2
  m_Modification:
    m_TransformParent: {fileID: 0}
    m_Modifications:
    - target: {fileID: 451616, guid: 8eae31055672e93428329dedfead72e8, type: 2}
      propertyPath: m_LocalPosition.x
      value: -16.808594
      objectReference: {fileID: 0}
    - target: {fileID: 451616, guid: 8eae31055672e93428329dedfead72e8, type: 2}
      propertyPath: m_LocalPosition.y
      value: 14.796875
      objectReference: {fileID: 0}
    - target: {fileID: 451616, guid: 8eae31055672e93428329dedfead72e8, type: 2}
      propertyPath: m_LocalPosition.z
      value: 1.1357422
      objectReference: {fileID: 0}
    - target: {fileID: 451616, guid: 8eae31055672e93428329dedfead72e8, type: 2}
      propertyPath: m_LocalRotation.x
      value: 0
      objectReference: {fileID: 0}
    - target: {fileID: 451616, guid: 8eae31055672e93428329dedfead72e8, type: 2}
      propertyPath: m_LocalRotation.y
      value: 0
      objectReference: {fileID: 0}
    - target: {fileID: 451616, guid: 8eae31055672e93428329dedfead72e8, type: 2}
      propertyPath: m_LocalRotation.z
      value: 0
      objectReference: {fileID: 0}
    - target: {fileID: 451616, guid: 8eae31055672e93428329dedfead72e8, type: 2}
      propertyPath: m_LocalRotation.w
      value: 1
      objectReference: {fileID: 0}
    - target: {fileID: 451616, guid: 8eae31055672e93428329dedfead72e8, type: 2}
      propertyPath: m_RootOrder
      value: 0
      objectReference: {fileID: 0}
    - target: {fileID: 179258, guid: 8eae31055672e93428329dedfead72e8, type: 2}
      propertyPath: m_IsActive
      value: 1
      objectReference: {fileID: 0}
    - target: {fileID: 11460500, guid: 8eae31055672e93428329dedfead72e8, type: 2}
      propertyPath: time_before_start
      value: 0
      objectReference: {fileID: 0}
    - target: {fileID: 8241566, guid: 8eae31055672e93428329dedfead72e8, type: 2}
      propertyPath: m_audioClip
      value: 
      objectReference: {fileID: 8300000, guid: a745fd2121998dd4bba1a23fc2656047, type: 3}
    - target: {fileID: 446214, guid: 8eae31055672e93428329dedfead72e8, type: 2}
      propertyPath: m_LocalPosition.x
      value: 8.39
      objectReference: {fileID: 0}
    - target: {fileID: 446214, guid: 8eae31055672e93428329dedfead72e8, type: 2}
      propertyPath: m_LocalPosition.y
      value: 14.33
      objectReference: {fileID: 0}
    - target: {fileID: 131930, guid: 8eae31055672e93428329dedfead72e8, type: 2}
      propertyPath: m_IsActive
      value: 0
      objectReference: {fileID: 0}
    - target: {fileID: 423872, guid: 8eae31055672e93428329dedfead72e8, type: 2}
      propertyPath: m_LocalPosition.x
      value: 13.46
      objectReference: {fileID: 0}
    - target: {fileID: 8241566, guid: 8eae31055672e93428329dedfead72e8, type: 2}
      propertyPath: Loop
      value: 1
      objectReference: {fileID: 0}
    - target: {fileID: 423872, guid: 8eae31055672e93428329dedfead72e8, type: 2}
      propertyPath: m_LocalPosition.z
      value: 7.48
      objectReference: {fileID: 0}
    - target: {fileID: 436642, guid: 8eae31055672e93428329dedfead72e8, type: 2}
      propertyPath: m_LocalPosition.z
      value: -0.08
      objectReference: {fileID: 0}
    - target: {fileID: 487128, guid: 8eae31055672e93428329dedfead72e8, type: 2}
      propertyPath: m_LocalPosition.z
      value: -0.13
      objectReference: {fileID: 0}
    - target: {fileID: 436642, guid: 8eae31055672e93428329dedfead72e8, type: 2}
      propertyPath: m_LocalPosition.x
      value: 8.34
      objectReference: {fileID: 0}
    - target: {fileID: 487128, guid: 8eae31055672e93428329dedfead72e8, type: 2}
      propertyPath: m_LocalPosition.x
      value: 2.26
      objectReference: {fileID: 0}
    - target: {fileID: 11411018, guid: 8eae31055672e93428329dedfead72e8, type: 2}
      propertyPath: speed
      value: 8000
      objectReference: {fileID: 0}
    - target: {fileID: 124044, guid: 8eae31055672e93428329dedfead72e8, type: 2}
      propertyPath: m_IsActive
      value: 0
      objectReference: {fileID: 0}
    - target: {fileID: 10863616, guid: 8eae31055672e93428329dedfead72e8, type: 2}
      propertyPath: m_Intensity
      value: 1.94
      objectReference: {fileID: 0}
    - target: {fileID: 128392, guid: 8eae31055672e93428329dedfead72e8, type: 2}
      propertyPath: m_IsActive
      value: 1
      objectReference: {fileID: 0}
    - target: {fileID: 10863616, guid: 8eae31055672e93428329dedfead72e8, type: 2}
      propertyPath: m_BounceIntensity
      value: 0
      objectReference: {fileID: 0}
    - target: {fileID: 459818, guid: 8eae31055672e93428329dedfead72e8, type: 2}
      propertyPath: m_LocalRotation.x
      value: 0.42810327
      objectReference: {fileID: 0}
    - target: {fileID: 459818, guid: 8eae31055672e93428329dedfead72e8, type: 2}
      propertyPath: m_LocalRotation.y
      value: -0.5063778
      objectReference: {fileID: 0}
    - target: {fileID: 459818, guid: 8eae31055672e93428329dedfead72e8, type: 2}
      propertyPath: m_LocalRotation.z
      value: 0.43088067
      objectReference: {fileID: 0}
    - target: {fileID: 459818, guid: 8eae31055672e93428329dedfead72e8, type: 2}
      propertyPath: m_LocalRotation.w
      value: 0.6120874
      objectReference: {fileID: 0}
    - target: {fileID: 459818, guid: 8eae31055672e93428329dedfead72e8, type: 2}
      propertyPath: m_LocalEulerAnglesHint.x
      value: 106.168
      objectReference: {fileID: 0}
    - target: {fileID: 459818, guid: 8eae31055672e93428329dedfead72e8, type: 2}
      propertyPath: m_LocalEulerAnglesHint.y
      value: -244.331
      objectReference: {fileID: 0}
    - target: {fileID: 459818, guid: 8eae31055672e93428329dedfead72e8, type: 2}
      propertyPath: m_LocalEulerAnglesHint.z
      value: -160.29
      objectReference: {fileID: 0}
    - target: {fileID: 11424516, guid: 8eae31055672e93428329dedfead72e8, type: 2}
      propertyPath: m_Enabled
      value: 1
      objectReference: {fileID: 0}
    - target: {fileID: 11408004, guid: 8eae31055672e93428329dedfead72e8, type: 2}
      propertyPath: m_Enabled
      value: 1
      objectReference: {fileID: 0}
    - target: {fileID: 454612, guid: 8eae31055672e93428329dedfead72e8, type: 2}
      propertyPath: m_LocalPosition.y
      value: -0.34
      objectReference: {fileID: 0}
    - target: {fileID: 400890, guid: 8eae31055672e93428329dedfead72e8, type: 2}
      propertyPath: m_LocalPosition.y
      value: -0.13
      objectReference: {fileID: 0}
    - target: {fileID: 429268, guid: 8eae31055672e93428329dedfead72e8, type: 2}
      propertyPath: m_LocalPosition.y
      value: 0.64
      objectReference: {fileID: 0}
    - target: {fileID: 400890, guid: 8eae31055672e93428329dedfead72e8, type: 2}
      propertyPath: m_LocalPosition.z
      value: -6.25
      objectReference: {fileID: 0}
    - target: {fileID: 429268, guid: 8eae31055672e93428329dedfead72e8, type: 2}
      propertyPath: m_LocalPosition.z
      value: -6.25
      objectReference: {fileID: 0}
    - target: {fileID: 400890, guid: 8eae31055672e93428329dedfead72e8, type: 2}
      propertyPath: m_LocalPosition.x
      value: -6.1
      objectReference: {fileID: 0}
    - target: {fileID: 429268, guid: 8eae31055672e93428329dedfead72e8, type: 2}
      propertyPath: m_LocalPosition.x
      value: -6.1
      objectReference: {fileID: 0}
    - target: {fileID: 2050898, guid: 8eae31055672e93428329dedfead72e8, type: 2}
      propertyPath: m_ClearFlags
      value: 2
      objectReference: {fileID: 0}
    - target: {fileID: 446214, guid: 8eae31055672e93428329dedfead72e8, type: 2}
      propertyPath: m_LocalPosition.z
      value: -0
      objectReference: {fileID: 0}
    - target: {fileID: 2050898, guid: 8eae31055672e93428329dedfead72e8, type: 2}
      propertyPath: m_BackGroundColor.r
      value: 0.8724138
      objectReference: {fileID: 0}
    - target: {fileID: 2050898, guid: 8eae31055672e93428329dedfead72e8, type: 2}
      propertyPath: m_BackGroundColor.g
      value: 1
      objectReference: {fileID: 0}
    - target: {fileID: 2050898, guid: 8eae31055672e93428329dedfead72e8, type: 2}
      propertyPath: m_BackGroundColor.b
      value: 0.75
      objectReference: {fileID: 0}
    - target: {fileID: 10863616, guid: 8eae31055672e93428329dedfead72e8, type: 2}
      propertyPath: m_Color.r
      value: 1
      objectReference: {fileID: 0}
    - target: {fileID: 10863616, guid: 8eae31055672e93428329dedfead72e8, type: 2}
      propertyPath: m_Color.g
      value: 1
      objectReference: {fileID: 0}
    - target: {fileID: 10863616, guid: 8eae31055672e93428329dedfead72e8, type: 2}
      propertyPath: m_Color.b
      value: 1
      objectReference: {fileID: 0}
    - target: {fileID: 11429902, guid: 8eae31055672e93428329dedfead72e8, type: 2}
      propertyPath: m_Enabled
      value: 0
      objectReference: {fileID: 0}
    - target: {fileID: 11429902, guid: 8eae31055672e93428329dedfead72e8, type: 2}
      propertyPath: blurSize
      value: 0.25
      objectReference: {fileID: 0}
    - target: {fileID: 11429902, guid: 8eae31055672e93428329dedfead72e8, type: 2}
      propertyPath: intensity
      value: 0.1
      objectReference: {fileID: 0}
    - target: {fileID: 464790, guid: 8eae31055672e93428329dedfead72e8, type: 2}
      propertyPath: m_LocalRotation.x
      value: -0.22002335
      objectReference: {fileID: 0}
    - target: {fileID: 464790, guid: 8eae31055672e93428329dedfead72e8, type: 2}
      propertyPath: m_LocalRotation.y
      value: 0.5838532
      objectReference: {fileID: 0}
    - target: {fileID: 464790, guid: 8eae31055672e93428329dedfead72e8, type: 2}
      propertyPath: m_LocalRotation.z
      value: -0.74873763
      objectReference: {fileID: 0}
    - target: {fileID: 464790, guid: 8eae31055672e93428329dedfead72e8, type: 2}
      propertyPath: m_LocalRotation.w
      value: 0.2238242
      objectReference: {fileID: 0}
    - target: {fileID: 464790, guid: 8eae31055672e93428329dedfead72e8, type: 2}
      propertyPath: m_LocalEulerAnglesHint.x
      value: 50.879
      objectReference: {fileID: 0}
    - target: {fileID: 464790, guid: 8eae31055672e93428329dedfead72e8, type: 2}
      propertyPath: m_LocalEulerAnglesHint.y
      value: -290.543
      objectReference: {fileID: 0}
    - target: {fileID: 464790, guid: 8eae31055672e93428329dedfead72e8, type: 2}
      propertyPath: m_LocalEulerAnglesHint.z
      value: -470.216
      objectReference: {fileID: 0}
    - target: {fileID: 114714479859437746, guid: 8eae31055672e93428329dedfead72e8,
        type: 2}
      propertyPath: bigscale
      value: 2
      objectReference: {fileID: 0}
    - target: {fileID: 10826314, guid: 8eae31055672e93428329dedfead72e8, type: 2}
      propertyPath: m_Lightmapping
      value: 4
      objectReference: {fileID: 0}
    - target: {fileID: 10826314, guid: 8eae31055672e93428329dedfead72e8, type: 2}
      propertyPath: m_Color.r
      value: 1
      objectReference: {fileID: 0}
    - target: {fileID: 10826314, guid: 8eae31055672e93428329dedfead72e8, type: 2}
      propertyPath: m_Color.g
      value: 1
      objectReference: {fileID: 0}
    - target: {fileID: 10826314, guid: 8eae31055672e93428329dedfead72e8, type: 2}
      propertyPath: m_Color.b
      value: 1
      objectReference: {fileID: 0}
    - target: {fileID: 10826314, guid: 8eae31055672e93428329dedfead72e8, type: 2}
      propertyPath: m_BounceIntensity
      value: 0
      objectReference: {fileID: 0}
    - target: {fileID: 10826314, guid: 8eae31055672e93428329dedfead72e8, type: 2}
      propertyPath: m_Intensity
      value: 1.51
      objectReference: {fileID: 0}
    - target: {fileID: 446214, guid: 8eae31055672e93428329dedfead72e8, type: 2}
      propertyPath: m_LocalRotation.x
      value: 0.5
      objectReference: {fileID: 0}
    - target: {fileID: 446214, guid: 8eae31055672e93428329dedfead72e8, type: 2}
      propertyPath: m_LocalRotation.y
      value: 0.5
      objectReference: {fileID: 0}
    - target: {fileID: 446214, guid: 8eae31055672e93428329dedfead72e8, type: 2}
      propertyPath: m_LocalRotation.z
      value: -0.5
      objectReference: {fileID: 0}
    - target: {fileID: 446214, guid: 8eae31055672e93428329dedfead72e8, type: 2}
      propertyPath: m_LocalRotation.w
      value: 0.5
      objectReference: {fileID: 0}
    - target: {fileID: 446214, guid: 8eae31055672e93428329dedfead72e8, type: 2}
      propertyPath: m_LocalEulerAnglesHint.z
      value: 0
      objectReference: {fileID: 0}
    - target: {fileID: 446214, guid: 8eae31055672e93428329dedfead72e8, type: 2}
      propertyPath: m_LocalEulerAnglesHint.x
      value: 90
      objectReference: {fileID: 0}
    - target: {fileID: 423872, guid: 8eae31055672e93428329dedfead72e8, type: 2}
      propertyPath: m_LocalPosition.y
      value: 0.18
      objectReference: {fileID: 0}
    - target: {fileID: 423872, guid: 8eae31055672e93428329dedfead72e8, type: 2}
      propertyPath: m_RootOrder
      value: 9
      objectReference: {fileID: 0}
    - target: {fileID: 4063275761136994, guid: 8eae31055672e93428329dedfead72e8, type: 2}
      propertyPath: m_LocalPosition.x
      value: -0.95
      objectReference: {fileID: 0}
    - target: {fileID: 4063275761136994, guid: 8eae31055672e93428329dedfead72e8, type: 2}
      propertyPath: m_LocalPosition.y
      value: 0.96
      objectReference: {fileID: 0}
    - target: {fileID: 4063275761136994, guid: 8eae31055672e93428329dedfead72e8, type: 2}
      propertyPath: m_LocalPosition.z
      value: 1.3
      objectReference: {fileID: 0}
    - target: {fileID: 4063275761136994, guid: 8eae31055672e93428329dedfead72e8, type: 2}
      propertyPath: m_LocalScale.y
      value: 125
      objectReference: {fileID: 0}
    - target: {fileID: 4436219163213480, guid: 8eae31055672e93428329dedfead72e8, type: 2}
      propertyPath: m_RootOrder
      value: 7
      objectReference: {fileID: 0}
    - target: {fileID: 4436219163213480, guid: 8eae31055672e93428329dedfead72e8, type: 2}
      propertyPath: m_LocalPosition.x
      value: 2.42
      objectReference: {fileID: 0}
    - target: {fileID: 4436219163213480, guid: 8eae31055672e93428329dedfead72e8, type: 2}
      propertyPath: m_LocalPosition.y
      value: 0.9099997
      objectReference: {fileID: 0}
    - target: {fileID: 4436219163213480, guid: 8eae31055672e93428329dedfead72e8, type: 2}
      propertyPath: m_LocalPosition.z
      value: -1.99
      objectReference: {fileID: 0}
    - target: {fileID: 114533084066221512, guid: 8eae31055672e93428329dedfead72e8,
        type: 2}
      propertyPath: m_Text
      value: slow down or die
      objectReference: {fileID: 0}
    m_RemovedComponents: []
  m_ParentPrefab: {fileID: 100100000, guid: 8eae31055672e93428329dedfead72e8, type: 2}
  m_IsPrefabParent: 0
--- !u!1001 &1712943876
Prefab:
  m_ObjectHideFlags: 0
  serializedVersion: 2
  m_Modification:
    m_TransformParent: {fileID: 1142401265}
    m_Modifications:
    - target: {fileID: 492576, guid: efca12e89e9d99540b62f26179c8f61f, type: 2}
      propertyPath: m_LocalPosition.x
      value: 2.05
      objectReference: {fileID: 0}
    - target: {fileID: 492576, guid: efca12e89e9d99540b62f26179c8f61f, type: 2}
      propertyPath: m_LocalPosition.y
      value: 0.9099997
      objectReference: {fileID: 0}
    - target: {fileID: 492576, guid: efca12e89e9d99540b62f26179c8f61f, type: 2}
      propertyPath: m_LocalPosition.z
      value: 2.11
      objectReference: {fileID: 0}
    - target: {fileID: 492576, guid: efca12e89e9d99540b62f26179c8f61f, type: 2}
      propertyPath: m_LocalRotation.x
      value: -0
      objectReference: {fileID: 0}
    - target: {fileID: 492576, guid: efca12e89e9d99540b62f26179c8f61f, type: 2}
      propertyPath: m_LocalRotation.y
      value: -0
      objectReference: {fileID: 0}
    - target: {fileID: 492576, guid: efca12e89e9d99540b62f26179c8f61f, type: 2}
      propertyPath: m_LocalRotation.z
      value: -0
      objectReference: {fileID: 0}
    - target: {fileID: 492576, guid: efca12e89e9d99540b62f26179c8f61f, type: 2}
      propertyPath: m_LocalRotation.w
      value: 1
      objectReference: {fileID: 0}
    - target: {fileID: 492576, guid: efca12e89e9d99540b62f26179c8f61f, type: 2}
      propertyPath: m_RootOrder
      value: 2
      objectReference: {fileID: 0}
    - target: {fileID: 173666, guid: efca12e89e9d99540b62f26179c8f61f, type: 2}
      propertyPath: m_Name
      value: gem (73)
      objectReference: {fileID: 0}
    - target: {fileID: 173666, guid: efca12e89e9d99540b62f26179c8f61f, type: 2}
      propertyPath: m_IsActive
      value: 1
      objectReference: {fileID: 0}
    - target: {fileID: 0}
      propertyPath: m_CollisionDetection
      value: 1
      objectReference: {fileID: 0}
    - target: {fileID: 13580338, guid: efca12e89e9d99540b62f26179c8f61f, type: 2}
      propertyPath: m_Material
      value: 
      objectReference: {fileID: 0}
    - target: {fileID: 11481554, guid: efca12e89e9d99540b62f26179c8f61f, type: 2}
      propertyPath: m_Enabled
      value: 1
      objectReference: {fileID: 0}
    - target: {fileID: 0}
      propertyPath: m_UseGravity
      value: 0
      objectReference: {fileID: 0}
    - target: {fileID: 0}
      propertyPath: m_Enabled
      value: 0
      objectReference: {fileID: 0}
    - target: {fileID: 2338692, guid: efca12e89e9d99540b62f26179c8f61f, type: 2}
      propertyPath: m_MotionVectors
      value: 2
      objectReference: {fileID: 0}
    - target: {fileID: 2338692, guid: efca12e89e9d99540b62f26179c8f61f, type: 2}
      propertyPath: m_CastShadows
      value: 0
      objectReference: {fileID: 0}
    - target: {fileID: 2338692, guid: efca12e89e9d99540b62f26179c8f61f, type: 2}
      propertyPath: m_ReceiveShadows
      value: 0
      objectReference: {fileID: 0}
    - target: {fileID: 2338692, guid: efca12e89e9d99540b62f26179c8f61f, type: 2}
      propertyPath: m_Enabled
      value: 1
      objectReference: {fileID: 0}
    - target: {fileID: 2338692, guid: efca12e89e9d99540b62f26179c8f61f, type: 2}
      propertyPath: m_Materials.Array.data[0]
      value: 
      objectReference: {fileID: 2100000, guid: baee97aa99b8ab440a7e470e4a52d293, type: 2}
    - target: {fileID: 13580338, guid: efca12e89e9d99540b62f26179c8f61f, type: 2}
      propertyPath: m_Enabled
      value: 1
      objectReference: {fileID: 0}
    m_RemovedComponents:
    - {fileID: 0}
  m_ParentPrefab: {fileID: 100100000, guid: efca12e89e9d99540b62f26179c8f61f, type: 2}
  m_IsPrefabParent: 0
--- !u!1001 &1885525436
Prefab:
  m_ObjectHideFlags: 0
  serializedVersion: 2
  m_Modification:
    m_TransformParent: {fileID: 0}
    m_Modifications:
    - target: {fileID: 224357396863344178, guid: c7f1bedc1bc40e24cb70e3b31485f23b,
        type: 2}
      propertyPath: m_LocalPosition.x
      value: 0
      objectReference: {fileID: 0}
    - target: {fileID: 224357396863344178, guid: c7f1bedc1bc40e24cb70e3b31485f23b,
        type: 2}
      propertyPath: m_LocalPosition.y
      value: 0
      objectReference: {fileID: 0}
    - target: {fileID: 224357396863344178, guid: c7f1bedc1bc40e24cb70e3b31485f23b,
        type: 2}
      propertyPath: m_LocalPosition.z
      value: 90
      objectReference: {fileID: 0}
    - target: {fileID: 224357396863344178, guid: c7f1bedc1bc40e24cb70e3b31485f23b,
        type: 2}
      propertyPath: m_LocalRotation.x
      value: -0
      objectReference: {fileID: 0}
    - target: {fileID: 224357396863344178, guid: c7f1bedc1bc40e24cb70e3b31485f23b,
        type: 2}
      propertyPath: m_LocalRotation.y
      value: -0
      objectReference: {fileID: 0}
    - target: {fileID: 224357396863344178, guid: c7f1bedc1bc40e24cb70e3b31485f23b,
        type: 2}
      propertyPath: m_LocalRotation.z
      value: -0
      objectReference: {fileID: 0}
    - target: {fileID: 224357396863344178, guid: c7f1bedc1bc40e24cb70e3b31485f23b,
        type: 2}
      propertyPath: m_LocalRotation.w
      value: 1
      objectReference: {fileID: 0}
    - target: {fileID: 224357396863344178, guid: c7f1bedc1bc40e24cb70e3b31485f23b,
        type: 2}
      propertyPath: m_RootOrder
      value: 2
      objectReference: {fileID: 0}
    - target: {fileID: 224357396863344178, guid: c7f1bedc1bc40e24cb70e3b31485f23b,
        type: 2}
      propertyPath: m_AnchoredPosition.x
      value: 1286.8705
      objectReference: {fileID: 0}
    - target: {fileID: 224357396863344178, guid: c7f1bedc1bc40e24cb70e3b31485f23b,
        type: 2}
      propertyPath: m_AnchoredPosition.y
      value: 97.12228
      objectReference: {fileID: 0}
    - target: {fileID: 224357396863344178, guid: c7f1bedc1bc40e24cb70e3b31485f23b,
        type: 2}
      propertyPath: m_SizeDelta.x
      value: 100
      objectReference: {fileID: 0}
    - target: {fileID: 224357396863344178, guid: c7f1bedc1bc40e24cb70e3b31485f23b,
        type: 2}
      propertyPath: m_SizeDelta.y
      value: 100
      objectReference: {fileID: 0}
    - target: {fileID: 224357396863344178, guid: c7f1bedc1bc40e24cb70e3b31485f23b,
        type: 2}
      propertyPath: m_AnchorMin.x
      value: 0.5
      objectReference: {fileID: 0}
    - target: {fileID: 224357396863344178, guid: c7f1bedc1bc40e24cb70e3b31485f23b,
        type: 2}
      propertyPath: m_AnchorMin.y
      value: 0.5
      objectReference: {fileID: 0}
    - target: {fileID: 224357396863344178, guid: c7f1bedc1bc40e24cb70e3b31485f23b,
        type: 2}
      propertyPath: m_AnchorMax.x
      value: 0.5
      objectReference: {fileID: 0}
    - target: {fileID: 224357396863344178, guid: c7f1bedc1bc40e24cb70e3b31485f23b,
        type: 2}
      propertyPath: m_AnchorMax.y
      value: 0.5
      objectReference: {fileID: 0}
    - target: {fileID: 224357396863344178, guid: c7f1bedc1bc40e24cb70e3b31485f23b,
        type: 2}
      propertyPath: m_Pivot.x
      value: 0.5
      objectReference: {fileID: 0}
    - target: {fileID: 224357396863344178, guid: c7f1bedc1bc40e24cb70e3b31485f23b,
        type: 2}
      propertyPath: m_Pivot.y
      value: 0.5
      objectReference: {fileID: 0}
    m_RemovedComponents: []
  m_ParentPrefab: {fileID: 100100000, guid: c7f1bedc1bc40e24cb70e3b31485f23b, type: 2}
  m_IsPrefabParent: 0
--- !u!1001 &1903156820
Prefab:
  m_ObjectHideFlags: 0
  serializedVersion: 2
  m_Modification:
    m_TransformParent: {fileID: 1142401265}
    m_Modifications:
    - target: {fileID: 492576, guid: efca12e89e9d99540b62f26179c8f61f, type: 2}
      propertyPath: m_LocalPosition.x
      value: 1.12
      objectReference: {fileID: 0}
    - target: {fileID: 492576, guid: efca12e89e9d99540b62f26179c8f61f, type: 2}
      propertyPath: m_LocalPosition.y
      value: 0.9099997
      objectReference: {fileID: 0}
    - target: {fileID: 492576, guid: efca12e89e9d99540b62f26179c8f61f, type: 2}
      propertyPath: m_LocalPosition.z
      value: -0.7
      objectReference: {fileID: 0}
    - target: {fileID: 492576, guid: efca12e89e9d99540b62f26179c8f61f, type: 2}
      propertyPath: m_LocalRotation.x
      value: -0
      objectReference: {fileID: 0}
    - target: {fileID: 492576, guid: efca12e89e9d99540b62f26179c8f61f, type: 2}
      propertyPath: m_LocalRotation.y
      value: -0
      objectReference: {fileID: 0}
    - target: {fileID: 492576, guid: efca12e89e9d99540b62f26179c8f61f, type: 2}
      propertyPath: m_LocalRotation.z
      value: -0
      objectReference: {fileID: 0}
    - target: {fileID: 492576, guid: efca12e89e9d99540b62f26179c8f61f, type: 2}
      propertyPath: m_LocalRotation.w
      value: 1
      objectReference: {fileID: 0}
    - target: {fileID: 492576, guid: efca12e89e9d99540b62f26179c8f61f, type: 2}
      propertyPath: m_RootOrder
      value: 4
      objectReference: {fileID: 0}
    - target: {fileID: 173666, guid: efca12e89e9d99540b62f26179c8f61f, type: 2}
      propertyPath: m_Name
      value: gem (34)
      objectReference: {fileID: 0}
    - target: {fileID: 11481554, guid: efca12e89e9d99540b62f26179c8f61f, type: 2}
      propertyPath: gem
      value: 
      objectReference: {fileID: 0}
    m_RemovedComponents: []
  m_ParentPrefab: {fileID: 100100000, guid: efca12e89e9d99540b62f26179c8f61f, type: 2}
  m_IsPrefabParent: 0
--- !u!1 &1930384004 stripped
GameObject:
  m_PrefabParentObject: {fileID: 173666, guid: efca12e89e9d99540b62f26179c8f61f, type: 2}
  m_PrefabInternal: {fileID: 1582116605}
--- !u!54 &1930384006
Rigidbody:
  m_ObjectHideFlags: 0
  m_PrefabParentObject: {fileID: 0}
  m_PrefabInternal: {fileID: 0}
  m_GameObject: {fileID: 1930384004}
  serializedVersion: 2
  m_Mass: 0.1
  m_Drag: 0
  m_AngularDrag: 1.28
  m_UseGravity: 0
  m_IsKinematic: 0
  m_Interpolate: 0
  m_Constraints: 14
  m_CollisionDetection: 1
--- !u!1 &1931691737 stripped
GameObject:
  m_PrefabParentObject: {fileID: 173666, guid: efca12e89e9d99540b62f26179c8f61f, type: 2}
  m_PrefabInternal: {fileID: 826347245}
--- !u!54 &1931691739
Rigidbody:
  m_ObjectHideFlags: 0
  m_PrefabParentObject: {fileID: 0}
  m_PrefabInternal: {fileID: 0}
  m_GameObject: {fileID: 1931691737}
  serializedVersion: 2
  m_Mass: 0.1
  m_Drag: 0
  m_AngularDrag: 1.28
  m_UseGravity: 0
  m_IsKinematic: 0
  m_Interpolate: 0
  m_Constraints: 14
  m_CollisionDetection: 1
